3286 5452
79 238 147 346 5st
229 307 320 380 aasw
613 373 619 385 t
825 309 864 364 a.
879 271 965 364 'suns

230 495 345 575 quidem
368 492 460 573 totius
480 482 706 554 accelerati'onis
720 508 774 571 per
788 497 883 552 toturn
906 490 1099 572 quadrantem
1118 493 1183 573 jam
1203 502 1271 556 erat
1286 492 1360 556 milri
1376 495 1570 582 praescripta,

229 584 333 644 eadem
364 581 480 644 scilieet
510 599 585 661 quae
616 579 768 641 hactenus.
823 577 931 661 itaqua
961 590 1071 660 quanto
1102 602 1250 662 angerem·
1276 583 1520 647 accelerationes
1546 585 1573 649 in

229 670 359 752 copulis,
392 679 476 733 tanto
506 670 644 732 videbam
675 664 850 731 diminutum
874 669 909 731 iri
933 680 1049 731 ceteras
1077 680 1163 733 antra
1194 674 1332 754 copulas.
1382 672 1479 739 Sinus
1508 695 1572 755 ergo

228 762 389 841 primorum
413 758 556 839 graduum
580 758 774 838 digressionis
797 759 900 820 Lunae
924 780 942 820 a
965 760 1079 839 copulis
1103 780 1172 839 non
1186 772 1273 824 eraut
1304 763 1410 843 magni
1434 782 1489 844 pro
1512 783 1574 832 mes

229 855 376 924 mensura,
402 850 483 911 sinus
507 867 577 910 vero
601 849 679 910 circa
702 842 836 930 quadras
855 856 887 909 et
908 848 994 916 finem
1022 849 1197 930 quadrantis
1225 850 1316 913 nimis
1344 863 1438 914 erant
1466 855 1570 934 magni.

229 940 273 1000 At
295 940 377 1000 sinus
400 939 511 1020 primus
534 945 565 999 et
588 937 771 999 incrementa
802 937 985 1018 sequentinm
1014 948 1083 1000 sunt
1115 941 1203 1002 index
1236 941 1443 1022 apparitionis
1473 944 1585 1007 latim.

230 1029 307 1100 dinis
330 1028 430 1090 circuli
456 1026 679 1092 illuminationis
703 1026 835 1103 Terrae5
862 1046 919 1087 non
943 1045 1014 1106 ergo
1038 1037 1071 1089 ιιι
1093 1030 1247 1092 evanescit
1275 1031 1410 1093 circulus
1434 1032 1485 1093 bie
1507 1033 1570 1094 illn-

228 1117 399 1179 minatioois
422 1120 533 1179 Terrae
561 1117 589 1177 in
614 1113 715 1191 Luna,
749 1115 792 1177 sic
820 1115 911 1181 etiam
942 1114 1083 1180 minuitur
1114 1118 1293 1182 variationis
1324 1120 1492 1196 celeritas,
1524 1123 1573 1183 sed

228 1208 323 1287 stragis
345 1206 551 1288 praecipitatis
574 1207 668 1267 utitur
691 1206 989 1279 decrementis,‘orta
1011 1227 1030 1266 a
1053 1207 1158 1287 majori
1181 1208 1355 1288 quantitate
1381 1212 1491 1275 totins.

316 1297 408 1379 Coepi
442 1297 532 1376 igitur
561 1294 796 1374 circumspicere,
828 1294 968 1376 quidnam
991 1304 1074 1358 esset
1104 1296 1153 1358 hic
1183 1298 1311 1361 circulus
1343 1299 1573 1362 illuminationis

227 1389 348 1461 Terrae,
364 1386 411 1467 qui
432 1404 485 1464 pro
504 1394 619 1448 motore
637 1383 838 1454 constituitur,
859 1383 949 1461 juxta
963 1383 1084 1447 Terram
1102 1386 1198 1465 ipsam
1218 1387 1426 1468 inaequaliter
1444 1409 1573 1457 movens,

223 1477 311 1557 juxta
329 1484 496 1537 moventem
515 1473 680 1555 aequaliter
695 1473 808 1553 seipso
822 1474 870 1543 (l),
890 1473 1005 1552 etquid
1025 1484 1260 1537 consentaneum·
1276 1476 1318 1538 sit
1334 1478 1375 1538 ab
1392 1479 1450 1540 hoc
1470 1479 1576 1540 circulo

229 1564 455 1627 illuminationis
469 1564 590 1626 moveri.
627 1563 706 1625 Nam
725 1561 751 1622 si
766 1562 869 1622 eadem
889 1562 1053 1637 estTerra,
1078 1583 1154 1645 quae
1170 1571 1271 1626 movet
1288 1566 1406 1646 duplici
1427 1577 1573 1647 respecto,

228 1665 259 1715 et
281 1653 398 1715 ratione
422 1654 474 1718 sui,
490 1653 625 1732 corporis¹
654 1652 757 1712 diurno
788 1660 869 1713 motu
903 1651 994 1714 rotati
1023 1662 1054 1713 et
1071 1646 1192 1714 'ratione
1224 1673 1296 1716 snae
1330 1656 1573 1728 illuminationis,

228 1744 331 1805 eodem
354 1743 492 1818 modoet
513 1742 672 1806 deLuuae
696 1757 818 1820 corpore
839 1740 995 1802 dicendum
1019 1761 1087 1803 esse
1111 1741 1276 1816 videbatur,
1300 1753 1337 1805 nt
1361 1746 1475 1808 eadem
1498 1756 1576 1809 esset

222 1834 314 1894 *Luna
337 1849 411 1912 qnae
435 1838 603 1892 moveretur
625 1829 736 1911 duplici
759 1837 911 1908 respectu,
936 1838 967 1890 et
988 1829 1019 1892 in
1044 1839 1185 1911 qnantum
1209 1842 1256 1894 est
1281 1833 1417 1896 solidum
1440 1836 1474 1897 in
1497 1836 1575 1897 coelo

228 1940 345 2000 corpus,
362 1920 436 1982 et-in
458 1927 598 2000 quantum
623 1927 654 1980 et
674 1919 741 1999 ipsa
757 1914 941 1980 illuminatur
962 1918 1076 1982 asole.
1124 1921 1170 1982 De
1194 1921 1282 2004 hujus
1300 1924 1347 1985 rei
1372 1925 1576 2003 possibilitate

229 2018 260 2072 et
283 2010 379 2077 modis
403 2002 434 2072 et
457 2009 493 2071 de
517 2031 557 2087 τῳ
580 2013 653 2070 diosa
676 2008 829 2091 disputent
850 2004 1056 2089 m'etaphysici,
1082 2009 1151 2072 mihi
1175 2018 1326 2093 utsupra
1351 2006 1471 2077 dictum
1495 2030 1574 2077 man·

228 2117 332 2162 surse
346 2107 477 2161 motuum
505 2101 600 2173 tales,
635 2117 710 2181 qnae
735 2105 909 2176 appareant
934 2097 964 2158 in
987 2116 1084 2160 rerum
1108 2095 1228 2175 natura,
1260 2101 1298 2162 ad
1328 2102 1575 2184 investigandum

228 2196 298 2251 sunt
327 2188 498 2269 propositae
522 2195 554 2250 et
575 2206 610 2250 ro
634 2184 686 2249 da.
725 2187 850 2264 >Itaque,¹
865 2185 981 2247 divisim
1006 2179 1107 2248 etiam.
1154 2189 1283 2252 Telluris
1308 2190 1437 2272 quidem
1463 2201 1575 2255 rotatae

229 2279 352 2360 species,
376 2286 410 2340 nt
424 2277 513 2339 solidi
535 2277 678 2355 eorporis,
704 2274 851 2357 aequabili
872 2294 990 2337 suarum
1011 2277 1116 2339 virium
1135 2279 1329 2341 contentione
1354 2290 1464 2344 movet
1479 2283 1574 2344 Lunae

228 2386 350 2448 corpus,
376 2375 408 2430 ut
431 2385 557 2446 eorpus,
588 2364 824 2450 modificantibns
852 2371 952 2425 tamen
984 2365 1152 2429 intervallis
1174 2375 1209 2429 ut
1231 2368 1261 2430 in
1283 2368 1426 2448 planetis
1452 2372 1574 2433 ceteris:

177 2444 181 2453 “
229 2467 261 2519 at
283 2457 415 2535 ejusdem
429 2456 557 2519 Telluris
572 2474 678 2534 corpus
697 2455 740 2515 nti
761 2455 918 2532 figuratum
932 2454 1015 2516 varie
1030 2454 1121 2517 babet
1141 2456 1318 2536 adspectum
1344 2454 1575 2523 illuminationis

229 2566 301 2612 suaa
323 2540 427 2609 versas
451 2546 567 2607 Lunam
589 2551 766 2625 porrectum,
791 2548 897 2631 movet
918 2543 1050 2622 ejusdem
1074 2545 1177 2607 Lunae
1201 2565 1328 2626 corpus,
1353 2549 1400 2610 uti
1427 2559 1461 2611 et
1485 2551 1574 2629 ipsum

228 2637 311 2698 varie
329 2637 488 2716 figuratura
501 2634 593 2695 habet
608 2631 833 2694 illuminationis
853 2651 924 2693 suae
940 2632 1117 2714 adspectum
1131 2654 1235 2697 versus
1250 2636 1379 2699 Terram
1395 2648 1572 2718 porrectum

229 2727 333 2788 Movet
363 2725 464 2805 itaque
493 2739 642 2803 apparens
674 2721 801 2783 latitudo
833 2720 973 2782 circulum
1002 2720 1248 2809 illuminationis,
1281 2733 1315 2787 et
1340 2736 1492 2807 qnantum
1514 2728 1573 2809 ipsa

229 2814 321 2875 habet
342 2813 372 2875 in
396 2833 428 2873 se
452 2812 619 2875 latitudinis
650 2808 822 2890 apparentis
846 2817 877 2870 et
899 2819 1041 2889 quantum
1069 2812 1136 2893 ejus
1165 2813 1277 2875 invenit
1299 2815 1332 2876 in
1358 2816 1454 2879 Luna
1477 2816 1572 2901 quovis

229 2914 373 2984 tempore.
412 2902 506 2984 Atqui
531 2903 635 2963 eadem
658 2908 729 2962 sunt
750 2899 934 2960 incrementa
955 2899 1093 2979 phasium
1115 2912 1307 2984 ntrammqne
1321 2924 1330 2967 ε
1345 2900 1400 2968 ἰιι
1418 2923 1480 2988 qno
1502 2916 1571 2969 tam·

228 3011 300 3074 pore
324 2994 417 3054 Terra
439 2991 523 3054 videt
544 2992 658 3053 Lunam
687 2989 851 3060 ,suonam
871 2988 986 3049 'eodem
1011 2989 1096 3051 Luna
1127 2991 1229 3052 videat
1251 2993 1383 3056 Terram
1410 2995 1570 3076 gibbosam,

230 3089 264 3142 nt
279 3081 329 3163 'ita
351 3080 455 3142 circuli
482 3078 708 3143 illuminationis
739 3075 878 3139 diainetri
906 3077 1096 3141 latitudinum
1120 3080 1181 3142 sint
1211 3100 1334 3162 semper
1362 3087 1523 3163 paralleli,
1544 3091 1571 3144 et

230 3171 363 3252 ejusdem
386 3188 424 3231 ex
444 3169 636 3232 inclinatione
659 3165 842 3249 quantitatis,
860 3167 1094 3255 apparentisqiu
1120 3169 1346 3251 comparatione
1369 3174 1414 3235 ad
1438 3176 1569 3255 cujusque

106 3258 110 3263 ’
229 3267 309 3322 recte
338 3258 474 3339 objectae
503 3259 648 3321 visionem
680 3254 769 3339 quasi
788 3255 924 3316 totalem.
957 3254 1052 3336 *Ergo
1073 3276 1133 3320 non
1155 3267 1203 3320 est
1229 3260 1480 3327 distribuendum
1507 3261 1570 3325 illud

179 3344 185 3350 ’
230 3343 565 3412 auctariu1n132⁰⁴lb‘
587 3364 676 3426 snper
694 3343 734 3407 12
754 3345 860 3406 ‘Lunae
883 3344 1085 3408 revolutiones
1108 3346 1250 3427 integrae,
1275 3369 1337 3412 non
1361 3361 1426 3428 est,
1451 3354 1568 3434 inquam,

230 3437 465 3509 distribuendum
488 3438 648 3499 secandum
675 3452 842 3496 mensuram
872 3432 1016 3514 simplicis
1038 3436 1127 3516 hujus
1151 3437 1323 3501 latitudiuis
1354 3441 1504 3524 ellipsecs
1525 3460 1570 3503 sea

230 3528 332 3593 circuli
354 3524 581 3590 illuminationis
610 3522 801 3606 apparentis,
835 3523 889 3584 sed
912 3531 1033 3604 oportet
1063 3525 1212 3588 illambis
1236 3528 1410 3593 adbibere:
1442 3533 1500 3595 hoc
1521 3539 1568 3604 est,

229 3628 264 3680 ut
286 3616 464 3698 geometrice
497 3633 558 3678 rem
586 3616 730 3695 eloquar,
761 3620 818 3674 uon
849 3611 1030 3676 incrementa
1061 3614 1192 3696 ipsorum
1222 3616 1342 3700 sinuum
1377 3620 1568 3702 digressioris

231 3708 333 3785 Lunae
349 3707 387 3769 ab
402 3704 590 3787 oppositione
608 3704 656 3764 vel
672 3700 880 3782 conjunctione
896 3699 987 3777 Solis,
1004 3710 1038 3767 ut
1052 3703 1206 3780 hactenns,
1221 3705 1276 3766 sed
1293 3704 1490 3773 incrementa
1504 3730 1568 3793 qas-

231 3798 382 3860 dratornm
406 3794 522 3857 sinuum
545 3795 656 3857 debent
680 3791 774 3855 statui
795 3809 849 3872 pro
868 3808 1008 3853 mensura
1022 3793 1256 3869 accelerationls
1281 3795 1375 3877 hujus
1400 3798 1434 3863 in
1453 3797 1566 3881 capulis

317 3887 411 3948 Porro
434 3893 467 3946 ut
489 3891 624 3946 revertar
647 3883 686 3943 ad
708 3880 839 3952 initium,
872 3879 942 3942 talis
972 3881 1106 3945 nascitur
1134 3881 1229 3945 lorm‘a
1260 3883 1353 3966 bnjns
1388 3889 1518 3964 calculi,
1537 3905 1568 3948 es

65 3999 73 4011 ¹
128 3994 130 3999 ’
231 3996 290 4060 qna
312 3973 543 4038 luculentissime
575 3964 738 4053 appareat,
772 3977 833 4032 tam
866 3968 1076 4032 variationem·
1091 3964 1239 4055 Tychonis
1273 3992 1366 4053 qnam
1403 3998 1568 4060 sponsarae

230 4063 395 4140 Ptolemaei
417 4063 580 4125 ex'ecdem
603 4081 670 4124 esse
689 4061 787 4122 tonte.
825 4058 904 4121 Nam
927 4067 992 4120 esto
1015 4060 1046 4121 in
1070 4060 1187 4140 adjecto
1208 4061 1368 4125 schemate
1392 4067 1425 4130 A
1448 4078 1567 4150 cenmnn

370 4169 375 4179 ·
507 4207 513 4220 ,
751 4202 756 4213 „
860 4148 979 4223 Terrae,
1004 4149 1059 4211 AB
1090 4149 1315 4215 semidiameter
1344 4155 1567 4221 illuminationis

486 4206 540 4274 ΡΨ·
560 4201 602 4253 ¹⁸⁶
760 4259 762 4263 ¹
857 4238 985 4310 Terrae,
1020 4236 1206 4302 Gcentrnm
1234 4241 1362 4319 Lunae,
1399 4245 1460 4310 GD
1488 4246 1567 4311 semi·

326 4312 350 4352 ⁰
480 4348 616 4361 u---
631 4352 676 4362 =-—
777 4342 799 4384 a
857 4326 1002 4389 diameter
1024 4326 1254 4391 illuminationis
1279 4331 1403 4396 Lunae.
1451 4337 1485 4400 Si
1506 4353 1567 4417 ergo

289 4342 599 4520 ΓΧ
677 4354 778 4542 7
858 4433 977 4495 semper
999 4415 1057 4479 ΘΙ)
1072 4425 1103 4501 et
1117 4418 1173 4481 AB
1196 4419 1369 4498 parallelae
1395 4445 1485 4506 qnam
1505 4446 1567 4507 pro·

264 4484 734 4583 „QA

759 4532 761 4539 v
858 4503 954 4578 xime,
977 4513 1008 4568 et
1025 4505 1159 4568 sisinus
1183 4505 1274 4572 G-AD
1299 4511 1567 4595 multiplicatusin

459 4649 462 4658 ,
860 4593 956 4656 sinum
978 4594 1064 4657 AGB
1089 4596 1164 4658 latit
1186 4615 1358 4675 nnmerum,
1386 4605 1438 4684 qni
1459 4606 1567 4667 metitur

233 4679 431 4761 quantitatem
461 4690 514 4745 aad
543 4684 677 4766 vigorem
707 4683 934 4747 accelerationis
965 4691 1181 4764 competentem
1212 4685 1241 4747 in
1273 4689 1332 4751 tali
1366 4692 1449 4768 situ,
1480 4696 1522 4757 sic
1539 4700 1565 4753 ιι

233 4770 330 4832 lactus
352 4771 411 4833 iste
434 4771 475 4833 sit
496 4775 641 4837 maximus
664 4774 694 4836 in
717 4775 840 4856 copulis,
864 4771 939 4836 nihil
961 4773 989 4835 in
1013 4774 1155 4856 quadris:
1180 4775 1270 4838 facile
1295 4781 1446 4863 apparet,
1470 4785 1563 4863 sijau

233 4858 324 4922 etiarn
346 4862 560 4944 prolongentur
583 4864 679 4927 lineae
699 4862 768 4940 AD,
792 4864 862 4957 Bu,
884 4881 938 4943 per
960 4863 1195 4928 aasentricitatis
1219 4866 1430 4935 interventum
1453 4874 1562 4956 angulos
