3286 5452
421 265 452 318 de
471 265 659 319 comanente
676 266 794 319 demota
812 269 899 320 stellae
912 268 1012 320 ¹ldsrtis.
1348 269 1393 336 89

36 441 182 505 insistere
206 461 274 506 cum
296 442 482 513 Ptolemaeo.
524 444 715 511 Ptolemaeus
738 446 871 526 primunr*
887 464 990 509 crasso
1013 447 1110 522 modo,
1137 448 1294 529 supposita
1316 447 1392 511 sim

35 530 109 612 pilei
142 533 380 596 eccentricitatis
411 533 586 617 hypothesi,
620 535 737 616 quaerit
770 535 1023 598 socentricitatem
1052 537 1225 624 invenitque
1258 538 1391 619 quintam

36 621 256 694 semidiametri
279 631 405 703 partem.
441 623 513 686 Jaur
537 644 593 685 non
617 625 765 704 expeditis
789 625 930 686 omnibus
948 625 1028 686 circa
1051 628 1261 701 socentricum,
1287 627 1392 689 statim

36 709 160 773 aceedit
192 711 295 774 orbern
328 731 456 775 annuum
488 732 542 774 sen
574 713 738 796 epioyolum
771 715 801 775 in
834 731 969 794 apogaeo
999 722 1031 776 et
1059 715 1201 795 perigaeo
1235 716 1393 778 socentrioi

34 799 248 875 constitutum,
270 800 321 864 ubi
343 820 448 883 parurn
472 800 502 863 in
526 802 648 882 longum
661 803 825 876 aberratur,
846 803 1018 883 invenitque
1032 803 1198 884 simplicem
1215 805 1392 867 eoeentricis

34 897 136 954 tatem
158 890 241 971 prins
264 909 368 954 crasse
390 890 587 954 constitutam
611 911 668 953 nou
691 910 781 972 posse
803 893 846 954 ab
860 891 994 973 epioyclo
1018 892 1150 968 tolerari,
1175 893 1292 956 nisiex
1305 904 1392 976 parte

35 979 176 1059 praecise
190 979 324 1042 dimidia.
348 981 419 1043 Jam
434 980 524 1061 igitur
537 1000 654 1044 rursum
668 981 842 1061 aggreditur
852 981 1072 1043 ordinationem
1081 984 1249 1051 eccentrici.
1265 991 1296 1045 et
1307 984 1392 1065 quasi

34 1087 91 1148 per
122 1068 195 1131 falsi
217 1069 352 1153 regulam
375 1069 493 1132 iteratis
517 1069 741 1150 operationibus
755 1070 786 1132 iu
800 1089 860 1131 uua
875 1070 1011 1151 qualibet
1033 1072 1304 1151 prosthaphaeresi‘
1317 1092 1392 1135 con·
1484 1081 1486 1088 '

36 1157 196 1220 stitueuda
211 1158 318 1232 sudat,¹
335 1158 429 1221 donec
453 1177 519 1221 eam
542 1168 593 1222 sat
614 1159 782 1240 praecisam
806 1178 873 1222 esse
895 1167 993 1238 putet.
1040 1160 1140 1221 Aliter
1155 1159 1338 1240 Copernicns
1362 1172 1394 1225 et

34 1246 159 1324 vitiose,
180 1248 238 1311 boc
254 1257 304 1311 est
315 1248 411 1311 miuus
426 1249 515 1311 doote
529 1267 617 1331 qnam
631 1247 833 1312 Ptolemaeus.
882 1246 988 1311 Credit
1011 1249 1088 1311 sulm
1107 1250 1294 1332 aeronyehiie
1318 1252 1392 1314 solis

34 1354 96 1398 uon
112 1337 250 1400 consulto
265 1338 407 1421 epieyclo,
430 1346 541 1418 putans
564 1358 598 1399 se
620 1337 652 1400 in
674 1338 730 1399 hoc
753 1338 959 1405 Ptolemaeum
982 1338 1141 1418 corrigere,
1165 1346 1198 1400 et
1220 1348 1391 1420 suspectam

36 1425 156 1488 habens
178 1427 246 1507 ‘ejus
269 1427 446 1494 relationem
465 1427 531 1489 sine
554 1427 860 1491 demonstrationibus
883 1426 1135 1489 observationum.

126 1515 205 1578 Puto
228 1524 264 1581 te.
282 1516 313 1579 in
335 1517 435 1579 altera
457 1516 679 1596 assignatarum
702 1534 1035 1597 causammpeeoasse,
1061 1517 1129 1578 dnm
1148 1515 1279 1578 exstruis
1294 1518 1389 1581 semi·

36 1603 221 1668 diametrum
243 1605 334 1668 annui
366 1604 457 1669 orbis.
504 1605 633 1668 Accedit
664 1611 767 1667 tamen
801 1613 832 1667 et
864 1606 939 1667 haec
966 1613 1052 1667 certa
1067 1607 1191 1668 erroris
1223 1625 1332 1668 causa:
1366 1606 1391 1668 si

35 1693 140 1757 Marte
165 1695 195 1756 in
219 1703 306 1758 certo
326 1696 392 1758 loco
416 1695 575 1757 eooeutrici
598 1692 791 1770 (existente),
815 1701 889 1773 puta
902 1694 941 1755 ‘iu
960 1695 1041 1774 long.
1058 1695 1167 1770 media,
1193 1695 1240 1756 bis
1259 1698 1391 1758 arsonis

35 1782 140 1846 orbem
163 1796 306 1857 annuum,
341 1781 413 1847 Sole
446 1801 504 1845 non
536 1784 565 1846 in
598 1784 706 1845 eodem
736 1784 782 1846 sui
806 1783 893 1847 orbis
912 1784 977 1845 loce
1001 1793 1157 1858 versante,
1183 1784 1319 1847 iuvenies
1341 1783 1390 1846 hic

34 1891 154 1955 quoque
170 1874 262 1937 aliam
285 1881 376 1956 atque
399 1872 490 1936 aliam
513 1873 778 1946 semidiametmm,
801 1873 871 1954 qnia
894 1892 926 1933 re
948 1891 1022 1934 vera
1044 1869 1319 1955 epicyolusMartis
1342 1883 1391 1936 est
1473 1948 1478 1958 ῃ
1566 1900 1569 1907 ·

35 1962 233 2039 socentricus,
257 1962 287 2025 h.
312 1983 339 2026 e.
363 1962 438 2026 nihil
460 1962 541 2025 aliud
564 1975 652 2043 qnam
675 1961 739 2042 ipse
757 1960 840 2025 Solis
864 1961 944 2023 orbis
967 1980 1033 2024 cnm
1055 1961 1215 2024 'dimidiata
1238 1962 1388 2027 socentri-

34 2050 151 2132 citate„
194 2051 362 2133 Propterea
392 2069 449 2133 ego
481 2069 520 2114 ex
551 2051 646 2114 tribus
679 2050 850 2131 hujusmodi
883 2050 1010 2113 diversis
1043 2051 1274 2116 semidiametris
1306 2052 1387 2114 orbis

35 2140 129 2215 annui
165 2159 275 2223 quaero
308 2141 563 2204 socentrioitatem
595 2140 661 2223 ejus
684 2148 716 2213 et
739 2159 921 2220 apogaeum,
947 2147 979 2201 et
1001 2140 1118 2204 invenio
1143 2141 1199 2203 hoo
1222 2140 1300 2203 idem
1315 2160 1390 2204 eam

35 2229 187 2300 Temeno,
218 2231 302 2294 illam
335 2230 521 2294 dimidiatam
554 2228 645 2292 Solis.
692 2226 782 2301 Quod
810 2236 846 2292 tn
878 2230 907 2290 in
936 2228 1291 2309 ‘trianguloreetangnlo
1312 2230 1391 2302 iuter
1427 2260 1430 2263 ·
1520 2252 1535 2286 υ

36 2328 158 2398 centra,
191 2320 276 2401 cujus
306 2320 535 2400 alter.angulns
560 2317 707 2382 distantia
729 2335 947 2398 apogaeomm‚
970 2319 1086 2381 invenis
1109 2319 1238 2382 vi'oiuum
1261 2319 1390 2398 aliquem

35 2428 191 2478 numerum
212 2424 278 2472 meo
302 2428 433 2484 numero,
456 2409 486 2470 id
501 2408 591 2489 plane
606 2407 903 2492 accidentariumest
915 2427 971 2471 nec
986 2407 1145 2489 quidquam
1159 2416 1269 2470 movet.
1306 2408 1387 2471 Nam

36 2499 60 2562 si
83 2499 302 2585 divellerentur
324 2516 460 2579 apogaea
481 2498 610 2577 longius,
639 2496 808 2563 variaretur
830 2497 878 2558 hio
899 2505 968 2559 tuus
983 2516 1131 2573 uumerus,
1156 2506 1385 2563 manentemeo

36 2608 71 2651 ex
95 2588 286 2672 acronychiis
309 2589 447 2663 deducto,
472 2587 550 2667 quod
573 2586 691 2667 quidem
714 2586 779 2666 ipse
802 2586 944 2649 olfecisti.
981 2587 1075 2657 Miror
1095 2595 1196 2649 maren
1210 2586 1385 2670 propinqui-

36 2686 131 2742 tatem
156 2683 249 2748 (tltu,
268 2682 360 2754 otto),
383 2677 439 2739 sed
453 2676 523 2738 scio
546 2676 760 2738 connexionem
780 2676 895 2743 nullam
918 2695 996 2738 esse.
1043 2676 1205 2757 'lhiangulo
1235 2676 1291 2739 hoc
1314 2696 1385 2739 usus

36 2786 90 2870 qgo
124 2787 193 2831 sum
224 2768 255 2830 in
285 2765 440 2849 Mysterio.
469 2766 596 2846 ejusque
632 2763 747 2828 tabella
776 2764 890 2844 majore
922 2766 1053 2847 aliqua.
1078 2766 1129 2828 Ab
1161 2765 1266 2828 eodem
1293 2766 1385 2863 etism
1441 2805 1444 2811 .

36 2858 138 2940 incepi
158 2875 237 2920 anno
264 2853 349 2922 1600
370 2855 499 2918 Martios
523 2870 606 2917 meus
629 2854 759 2928 labores,
783 2863 818 2916 ut
839 2853 955 2917 videbis
978 2853 1007 2916 in
1033 2853 1273 2918 Commentariis.

123 2947 258 3009 Dabitur
281 2965 373 3028 opera
395 2943 516 3015 Fabrici
535 2944 655 3024 jamque
679 2962 746 3007 cum
770 2943 911 3024 Tychme
934 2952 1113 3007 conventum
1137 2952 1202 3018 est,
1226 2953 1262 3006 nt
1282 2960 1385 3008 omnes

38 3036 313 3099 demonstrationes
336 3037 366 3097 iu
389 3034 485 3097 tribus
507 3032 717 3114 hypothesium
740 3032 843 3095 formis
867 3033 1074 3114 expediantur.
1089 3039 1132 3103 tv.
1151 3057 1172 3092 a
1190 3057 1215 3106 p.
1244 3031 1301 3104 tt.)

124 3124 242 3188 Censes
266 3124 464 3208 aorbnychion
487 3121 665 3205 hypothesin
692 3120 775 3200 prins
798 3131 906 3184 exacte
926 3123 1264 3198 constituendamtam
1286 3123 1385 3206 quoad

36 3212 101 3278 loca
124 3214 321 3296 longitudinis
345 3232 434 3295 quam
457 3211 555 3293 quoad
577 3210 757 3285 distantias3
782 3209 849 3272 inde
872 3211 1123 3292 progrediendum
1147 3208 1186 3274 ad
1209 3212 1294 3274 varia
1318 3214 1385 3275 loca

37 3305 115 3368 orbis
139 3303 232 3366 annui
254 3322 350 3385 eaque
371 3300 568 3384 inquirendae
586 3309 618 3361 et
640 3298 854 3380 quaeris-quid
878 3302 915 3362 ds
938 3301 995 3363 hac
1014 3309 1067 3363 tua
1082 3301 1223 3369 methodo
1237 3299 1387 3364 sentiam?

122 3390 255 3456 Omnino
279 3393 317 3456 ab
341 3390 527 3473 aeronychiis
550 3388 750 3472 incipiendam
772 3389 810 3450 ob
833 3389 1073 3470 simplicitatem.
1097 3390 1167 3471 quia
1190 3392 1257 3453 loos
1278 3391 1384 3453 statim

38 3501 71 3546 ex
94 3483 309 3546 observatione
333 3489 449 3562 patent.
494 3479 576 3559 Ergo
606 3477 784 3541 invenienda
815 3477 991 3561 hypothesis
1024 3498 1062 3542 ex
1094 3480 1148 3555 iis,
1170 3498 1256 3560 quae
1276 3481 1386 3557 :locum

38 3573 238 3636 socentricum
260 3578 408 3635 monstret
431 3569 470 3631 ad
493 3569 686 3649 quodeunque
709 3575 844 3648 tempus,
874 3569 1055 3632 etiamtum
1079 3589 1137 3631 uon
1161 3578 1210 3630 est
1231 3569 1272 3631 ibi
1296 3588 1385 3657 acro·

38 3663 144 3745 oychia
168 3661 328 3744 oppositio.
374 3658 421 3721 De
454 3656 604 3721 distantiis
636 3664 707 3722 tero
740 3657 925 3739 aorouychiis
955 3678 1013 3720 nou
1046 3658 1196 3721 reddimur
1226 3658 1384 3722 admodum
1429 3731 1431 3740 γ

38 3753 117 3830 certi,
133 3750 195 3814 nisi
209 3749 344 3813 nonnihil
357 3768 396 3813 ex
409 3745 626 3820 latitudinibus,
641 3746 690 3810 ubi
705 3755 807 3813 tamen
822 3756 1102 3828 praesuppouuotnr
1115 3747 1219 3812 multa.
1254 3745 1384 3828 Oportet
1427 3748 1433 3756 ””

39 3858 105 3922 ergo
129 3840 296 3903 distantias
317 3837 422 3903 venari
446 3856 483 3898 ex
503 3836 717 3917 parallaxibus.
754 3835 840 3898 Atei
859 3831 1036 3917 simpliciter
1050 3837 1197 3917 procedas
1219 3855 1274 3917 per
1296 3856 1384 3900 unam

38 3930 210 4008 parallaxin
231 3937 262 3992 et
285 3930 382 3992 lucum
404 3926 613 3998 eeceutricum,
646 3925 704 3987 dno
734 3927 970 4006 praesuppoais;
1005 3926 1038 4002 1)
1061 3927 1158 3989 locutu
1181 3925 1383 4007 hypotheseos

38 4021 135 4083 valere
160 4011 253 4081 etiam
276 4036 342 4081 cum
356 4037 422 4080 uon
446 4015 486 4078 sit
509 4013 657 4095 oppositio
680 4015 873 4097 actouychia,
899 4016 976 4096 quod
999 4024 1101 4093 tamen
1125 4014 1210 4076 initio
1234 4016 1382 4093 noscitare

40 4103 71 4184 2)
93 4108 316 4190 praesuppouis
340 4104 514 4170 distantiam
538 4100 578 4181 Q
592 4111 633 4169 ,et
657 4105 682 4180 ὃ
706 4122 758 4166 seu
783 4104 1039 4168 semidiametrum
1071 4103 1205 4185 epioyoli‚
1229 4107 1384 4186 planetam

39 4198 184 4273 vehentis,
209 4205 354 4278 perpetuo
376 4214 443 4258 esse
457 4193 593 4268 eandem,
617 4193 696 4273 quod
718 4193 826 4271 falsum
850 4203 907 4257 est.
944 4195 1051 4273 Itaque
1068 4210 1124 4272 ego
1138 4192 1233 4271 primo
1252 4196 1383 4259 omnium

41 4304 72 4371 ex
93 4288 184 4351 trinis
207 4286 412 4367 parallaxibus
436 4291 462 4355 d
484 4282 587 4345 eodem
611 4281 770 4345 eccentriei
792 4283 859 4345 loeo
883 4302 992 4364 quaero
1022 4282 1279 4347 ecoeutrioitatem
1301 4285 1401 4363 orbis,
1498 4327 1504 4339 ·

43 4377 140 4450 annui,
173 4367 245 4438 tunc
267 4384 375 4456 postea
396 4391 517 4456 possum
541 4370 681 4433 adhibere
701 4371 802 4451 justae
825 4371 998 4445 distantias,
1027 4370 1053 4432 si
1076 4389 1151 4452 opus
1174 4382 1266 4436 esset.
1312 4375 1382 4438 Nou

46 4466 165 4546 amplius
188 4484 259 4526 veru
289 4483 363 4546 opus
393 4471 450 4526 est.
496 4461 610 4523 Eadem
643 4459 721 4523 euim
753 4479 850 4555 opera·
868 4460 953 4522 elicio
975 4468 1019 4521 'et
1037 4461 1270 4542 proportionem
1300 4464 1382 4527 orbis

48 4556 126 4618 auuui
150 4556 189 4617 ad
211 4555 296 4617 illam
319 4552 495 4617 distantiam
518 4559 543 4621 d
566 4558 598 4612 et
621 4546 679 4627 Q:
708 4550 813 4630 quodsi
844 4557 981 4630 quartam
1009 4558 1040 4611 et
1070 4551 1205 4631 quintam
1227 4561 1260 4615 et
1280 4554 1380 4633 pluras

52 4641 204 4706 adsciscam
226 4644 398 4725 parallaxes
422 4641 461 4703 ad
484 4641 609 4706 eundem
632 4639 791 4708 socentrici
814 4639 925 4708 locum,
958 4646 1044 4716 tanto
1072 4640 1169 4720 magis
1191 4637 1236 4704 lio
1259 4642 1379 4718 certior,

56 4726 163 4796 mndeiu
186 4732 345 4796 socentrici
368 4731 465 4796 locum
488 4736 519 4799 et
542 4729 666 4792 eandem
689 4728 754 4808 ejus
768 4727 952 4791 distantiam
974 4750 994 4791 a
1016 4727 1057 4807 Q
1081 4726 1192 4802 delere,
1216 4730 1380 4811 ubieunque

60 4812 102 4880 Sul
119 4822 165 4898 sit,
188 4830 222 4885 et
242 4820 287 4886 sio
308 4842 344 4885 se
366 4821 432 4902 ipso
451 4827 533 4883 staro
548 4817 745 4891 socentricum
760 4824 795 4893 ὁ,
820 4835 874 4880 nec
897 4818 988 4881 ullam
1010 4817 1111 4882 subire
1133 4818 1380 4901 inaequalitatem
