3278 5452
181 240 186 245 ’
259 251 324 317 210
741 253 781 305 De
799 250 906 304 Menum
924 249 1122 305 subsultastis
1211 234 1214 241 Δ

264 430 358 512 coepi.
389 427 522 513 Cumque
536 449 614 493 enno
632 428 715 497 1597
732 432 771 494 ad
789 432 999 535 Tychnuem
1022 428 1147 493 Brahe
1170 413 1358 510 scripsissem
1372 436 1405 501 (ι,
1419 434 1476 507 tt),
1492 448 1593 511 rogans

263 528 297 584 ut
319 541 404 582 suam
433 522 469 583 de
491 541 557 583 meo
581 521 684 585 libello
707 522 888 587 sententiam
904 512 1041 594 diceret,
1050 521 1170 602 ipseque
1193 519 1377 600 respondens
1399 520 1480 582 iuter
1502 529 1595 582 cetera

263 629 383 674 suarum
402 611 494 672 etiam
516 612 757 674 observationum
780 611 974 685 meminisset,
997 609 1111 689 ingenti
1134 628 1180 670 me
1203 607 1378 690 cupiditate
1384 610 1594 672 earumviden·

259 702 363 762 darum
396 700 602 762 inflammavit.
656 701 703 763 At
733 720 803 762 vero
827 700 927 782 Tycho
947 699 1065 776 Brahe,
1093 699 1172 778 ipse
1182 716 1295 800 quoque
1320 717 1430 779 magna
1453 718 1524 779 pars
1546 699 1595 761 lati

258 789 331 863 mei,
364 807 401 850 ex
434 806 468 850 eo
496 808 555 851 non
586 789 705 852 destitit
692 799 774 852 ture
797 790 841 850 ult
829 797 875 852 ιιο
899 787 1012 850 hortari
1034 797 1068 850 ιιι
1090 789 1128 848 ad
1152 808 1184 849 se
1208 787 1348 851 venirem.
1398 785 1532 870 Cumque
1554 808 1594 850 me

259 876 463 957 longinquitas
478 878 536 939 loci
552 887 635 941 esset
649 879 856 953 absterritum,
881 878 999 940 divinae
1014 896 1130 939 rursum
1146 875 1334 963 dispositioni
1349 876 1502 952 adscribo,
1527 877 1605 958 quod'

259 968 289 1030 in
316 966 534 1028 Bohemiam
526 987 553 1028 rs
575 969 667 1030 venit.
713 968 759 1030 Eo
782 967 874 1047 igitur
896 966 965 1028 veni
988 967 1043 1028 sub
1066 966 1180 1028 initium
1205 964 1275 1027 anui
1300 959 1394 1035 1600,
1420 986 1476 1046 spe
1497 967 1593 1048 plane·

259 1064 356 1119 tarum
389 1062 539 1120 correctas
569 1057 807 1119 eccentricitates
836 1054 1021 1118 addiscendi.
1069 1053 1143 1117 Cum
1167 1064 1267 1116 autem
1289 1055 1385 1136 primo
1408 1056 1531 1119 octiduo
1554 1056 1593 1117 di-

261 1132 445 1219 dicissem,'
417 1165 533 1226 rpsnm
552 1139 698 1208 adhibere
722 1166 787 1210 cum
810 1147 984 1209 Ptolemaeo
1008 1140 1040 1207 et
1060 1143 1225 1228 Copemico
1249 1145 1376 1209 medium
1385 1153 1500 1207 motum
1511 1143 1592 1220 Solis,

259 1242 342 1296 esset
371 1253 441 1296 vero
472 1253 621 1314 apparens
650 1242 748 1297 motus
771 1255 837 1297 meo
861 1235 962 1296 libello
986 1233 1237 1295 accommodatior
1260 1233 1352 1314 (qnod
1376 1253 1414 1295 ex
1439 1234 1505 1314 ipso
1526 1235 1592 1296 libro

260 1324 371 1404 patet),
399 1323 440 1384 ab
461 1319 585 1386 auctore
608 1323 775 1403 impetravi,
798 1333 832 1385 ιιι
844 1325 925 1387 unihi
949 1323 1053 1385 liceret
1075 1318 1331 1387 observationibus
1355 1342 1423 1397 meo
1447 1323 1591 1387 modouti.

259 1413 337 1474 Erat
369 1419 469 1483 tume
454 1413 517 1492 eJ'us
541 1413 705 1474 domestico
731 1388 959 1488 Christiano
989 1410 1186 1474 Severini⁸
1185 1407 1233 1486 ξ)
1247 1411 1302 1472 sub
1325 1411 1464 1474 manibus
1488 1413 1592 1474 theoria

258 1500 418 1574 Martis,
453 1520 541 1581 quam
571 1503 719 1582 tempus
711 1502 769 1583 rpsi
794 1503 921 1565 dabat
914 1523 943 1564 ιιι
967 1521 1112 1604 manusc⁹
1112 1521 1153 1562 eo
1178 1500 1255 1582 quod
1278 1511 1473 1563 versarentur
1496 1502 1525 1563 in
1546 1502 1590 1563 ob

261 1589 434 1652 servatione
458 1591 628 1671 acronychii
651 1591 727 1653 situs
751 1611 805 1654 seu
828 1591 1026 1672 oppositionis
1047 1563 1158 1652 Martis
1182 1608 1246 1651 curn
1270 1588 1378 1652 Sole
1370 1610 1400 1651 ιιι
1425 1587 1482 1654 9⁰
1489 1595 1523 1665 0
1566 1589 1590 1653 si

262 1678 508 1742 Christianus
532 1678 623 1742 alium
645 1682 797 1761 planetam
822 1689 995 1759 tractasset,
1019 1681 1049 1741 in
1074 1670 1199 1741 eundem
1222 1687 1254 1740 et
1277 1698 1332 1759 ego
1356 1678 1541 1743 incidissem.

347 1754 464 1830 Rursus
489 1787 568 1859 ergo
599 1769 700 1831 divina
727 1770 922 1851 dispositione
951 1768 1096 1830 accidisse
1120 1777 1207 1848 puto,
1236 1768 1313 1850 quod
1338 1768 1446 1830 eodem
1470 1776 1590 1849 tempore

260 1875 316 1936 ego
353 1856 539 1930 advenerim,
572 1857 627 1937 quc
661 1866 792 1961 tempore
825 1859 919 1921 Mami
951 1858 1001 1919 ille
1026 1866 1092 1925 erat
1115 1852 1264 1932 intentus,
1304 1876 1341 1919 ex
1363 1857 1450 1959 cujus
1474 1859 1590 1920 motibus

260 1945 377 2007 omnino
410 1964 534 2007 necesse
566 1955 614 2008 est
641 1967 696 2008 uos
720 1949 749 2008 in
773 1947 973 2027 cognitionem
997 1946 1200 2014 astronomiae
1225 1948 1402 2009 arcanorum
1427 1949 1530 2010 venire
1552 1954 1590 2008 aut

263 2053 300 2095 ea
321 2042 429 2114 perpet
431 2053 467 2096 uo
491 2035 615 2096 nescire
662 2035 875 2098 Recudebatur
897 2036 1002 2097 tabula
1023 2036 1187 2096 mediarum
1216 2035 1449 2116 oppositionum
1463 2037 1504 2098 ab
1528 2055 1589 2098 auno

252 2121 357 2198 4580,
375 2131 441 2186 erat
462 2124 634 2205 excogitata
649 2126 835 2208 hypothesis
861 2143 936 2205 quae
957 2144 1023 2185 cas
1022 2143 1132 2186 omnes
1139 2133 1373 2228 repraesentare
1387 2126 1590 2206 perhibebatur

261 2214 339 2275 intra
362 2214 485 2274 duorum
509 2215 712 2294 scrupulorum
733 2213 1020 2316 propinquitatem
1012 2233 1053 2274 ιιι
1066 2214 1261 2295 longitudine,
1286 2234 1331 2293 qu
1335 2233 1371 2275 us
1391 2234 1534 2278 numeros
1555 2214 1589 2274 rel

228 2351 232 2357 .
260 2303 350 2406 paulo
374 2302 545 2364 differentes
569 2304 669 2383 capite
693 2305 733 2368 V.
757 2304 907 2405 usurpavi.
954 2303 1145 2383 Apogaeum
1154 2303 1239 2365 initio
1253 2304 1321 2365 anni
1318 2234 1424 2366 J1585
1439 2305 1589 2385 ponebatur

258 2393 288 2454 in
312 2387 372 2453 23ο
395 2388 500 2467 lou,
525 2411 613 2454 eceen
617 2393 734 2454 tricitas
757 2394 897 2467 maxima,
923 2412 997 2477 qnae
1021 2400 1060 2454 ex
1083 2392 1305 2479 semidiametro
1311 2392 1479 2474 utriusque
1494 2391 1586 2457 circelli

261 2480 456 2561 componitur,
482 2489 549 2541 erat
571 2478 690 2557 20160,
714 2482 844 2564 qualium
868 2483 1087 2543 semidiameter
1105 2482 1231 2563 epicycli
1245 2472 1304 2562 maJ
1308 2481 1367 2543 oris
1383 2491 1471 2544 esset
1490 2479 1584 2546 16300

259 2571 355 2650 Igitur
388 2569 417 2630 in
447 2571 544 2632 forma
570 2571 683 2650 primae
715 2571 939 2674 inaequalitatis
969 2571 1155 2633 Ptolemaioa
1186 2572 1397 2632 ecceutricitas
1437 2571 1585 2654 aequaturi

258 2659 363 2742 puncti
392 2667 458 2720 erat
488 2656 598 2723 20160
629 2661 691 2721 veh
702 2680 737 2721 eo
760 2661 849 2740 paulo
873 2660 977 2730 miuus
1024 2661 1071 2722 llx
1087 2661 1151 2724 hac
1173 2661 1333 2743 hypothesi
1357 2666 1517 2724 exstructa
1538 2667 1585 2723 erat

262 2759 293 2810 et
316 2748 422 2809 tabula
445 2747 654 2828 aequationum
679 2750 809 2811 ecceutri
832 2750 870 2811 ad
894 2751 1004 2829 gradus
1029 2749 1162 2828 singulos
1186 2758 1218 2811 et
1240 2750 1366 2812 conecti
1382 2759 1485 2814 motus
1503 2748 1584 2820 medii,

261 2837 414 2898 additione
439 2837 522 2898 facta
545 2839 583 2898 ad
606 2838 832 2900 Prutenicarum
855 2849 967 2900 motum
990 2839 1118 2901 medium
1133 2839 1219 2906 unius
1238 2839 1368 2919 scrupuli
1389 2849 1423 2903 et
1436 2841 1583 2903 dodrantis

258 2927 300 2989 Et
324 2925 435 2987 diducti
461 2935 548 2988 eraut
570 2928 600 2988 hi
623 2936 734 2991 rnotus.
746 2928 849 3004 medii,
874 2929 1026 3010 apogaei,
1040 2930 1222 3013 itemqneet
1208 2929 1307 2995 tnodi
1329 2948 1385 3009 per
1404 2950 1507 2992 anuos
1528 2925 1583 3002 400,

262 3015 386 3095 perinde
418 3015 513 3076 utin
547 3014 712 3078 Solaribus
736 3025 767 3079 et
798 3018 967 3079 Lunaribns
996 3018 1125 3079 motibus
1149 3020 1281 3081 tomol.
1301 3002 1584 3124 Progymnasmatun

261 3107 375 3166 factum
405 3113 485 3170 est
490 3106 550 3167 In
581 3108 646 3168 sola
669 3099 827 3183 latitudine
851 3107 906 3169 sub
929 3107 1133 3190 acronyehios
1146 3107 1223 3169 situs
1237 3106 1368 3195 itemque
1393 3109 1458 3170 et
1448 3129 1481 3172 ιιι
1502 3107 1584 3190 paral·

260 3194 379 3256 laribus
412 3195 493 3256 orbis
527 3196 619 3256 annui
638 3194 826 3263 Christianus
858 3196 1013 3258 haerebat.
1065 3196 1184 3269 Aderat
1216 3190 1334 3276 quidem
1367 3196 1586 3279 hypothesiset

261 3283 375 3345 tabella
399 3299 452 3363 pro
476 3284 699 3359 latitudinibus;
724 3286 864 3351 sednon
882 3286 1039 3348 cruebatur
1061 3287 1132 3348 iude
1155 3286 1284 3349 latitudo
1308 3286 1484 3391 observqta.
1518 3285 1585 3386 Quae

261 3393 310 3434 res
333 3373 392 3452 ipsi
415 3373 444 3433 ιι
468 3373 604 3434 Lunares
628 3382 726 3435 motus
748 3364 915 3437 incubituio
940 3372 1149 3454 impedimento
1173 3382 1248 3437 erat.
1296 3373 1373 3439 Cum
1396 3361 1491 3456 igitur
1505 3374 1586 3455 suspi-

145 3453 149 3461 ’
262 3481 348 3523 carer
372 3462 403 3523 id
427 3462 505 3541 quod
528 3482 576 3524 res
601 3471 687 3539 erat,
721 3463 899 3546 hypothesin
923 3483 981 3526 non
1006 3464 1079 3525 bene
1102 3465 1230 3538 habere,
1261 3464 1378 3526 accinxi
1409 3484 1459 3529 me
1482 3462 1586 3546 ipsead

262 3571 336 3631 opus
360 3551 521 3612 secundum
544 3562 778 3633 praeconceptas
802 3553 876 3614 etin
900 3554 1086 3634 Mysterio
1110 3571 1185 3618 meo·
1201 3548 1525 3640 Cpsmographico
1544 3572 1587 3615 er·

260 3659 383 3720 pressas
407 3641 571 3720 opiniones.
599 3642 750 3704 Plurima
773 3642 828 3704 sub
851 3641 969 3705 initium
982 3654 1049 3709 erat
1067 3644 1210 3718 internos
1225 3643 1421 3720 concertatio,
1449 3649 1589 3725 sapesso

258 3731 323 3791 'alia
345 3730 461 3790 institui
486 3731 563 3791 ratio
587 3731 797 3822 hypotheseos,
824 3751 899 3812 quae
923 3740 970 3794 tot
993 3733 1060 3794 loca
1078 3734 1232 3812 planetae
1241 3732 1412 3796 ecceutrica
1427 3736 1590 3812 adungmu

263 3819 463 3897 exprimeret?
486 3827 518 3880 et
541 3839 577 3880 an
602 3816 681 3883 falsa
704 3841 771 3882 esse
795 3827 902 3902 posset
923 3821 985 3897 illa,
1009 3842 1086 3904 qnae
1109 3823 1141 3885 id
1163 3822 1309 3917 haetenus
1332 3840 1388 3903 per
1411 3840 1527 3931 omnem
1546 3836 1589 3884 'zo-

263 3908 339 3969 diaci
364 3909 506 3969 ambitum
529 3906 759 3986 praestitisset?
1518 3959 1521 3963 «

351 3994 481 4058 Ostendi
510 3998 603 4077 igitur
630 4018 666 4061 ex
695 3999 747 4074 iis,
778 4018 853 4080 quae
873 3996 978 4078 prima
1000 4007 1086 4080 parte
1109 3999 1278 4081 praemissa
1301 4008 1387 4075 sunt,
1422 4017 1515 4081 posse
1535 4008 1595 4062 esse

263 4087 371 4146 falsum
399 4088 596 4149 eccentricum
627 4096 781 4150 ettamen
806 4089 1064 4152 observationibus
1091 4087 1172 4151 intra
1202 4085 1233 4151 5⁴
1265 4097 1296 4152 et
1324 4091 1450 4170 propius
1481 4108 1607 4171 respone

254 4175 350 4248 dere,
385 4175 542 4238 dnmmodo
572 4187 675 4239 verum
705 4178 747 4238 sit
773 4185 914 4259 punctum
943 4180 1158 4261 aequatorinm.
1213 4177 1303 4249 Quod
1333 4197 1405 4242 vero
1433 4181 1633 4260 patellam&

264 4263 345 4324 orbis
369 4265 458 4325 annui
482 4267 625 4329 attineret
647 4275 680 4328 et
702 4267 887 4342 latitudines,
911 4287 978 4331 eam
1001 4269 1132 4348 palmam
1155 4267 1283 4357 qdhuo'
1275 4288 1306 4330 ιιι
1319 4269 1428 4346 medio
1448 4270 1535 4332 sitam
1556 4289 1639 4323 rr

265 4353 334 4414 dum
364 4353 418 4413 obt
405 4359 519 4416 tentam
547 4357 585 4418 ab
612 4352 730 4421 illorum
762 4357 939 4438 hypothesi.
967 4359 1148 4437 reliquum
1140 4359 1181 4439 igi
1184 4367 1232 4420 tur
1255 4377 1339 4432 esse,
1372 4365 1407 4420 ut
1430 4358 1587 4439 inquiratur

265 4462 303 4503 au
327 4460 384 4503 non
409 4442 518 4504 alicubi
540 4464 594 4524 per
616 4446 647 4508 5‘
666 4447 714 4509 illi
735 4464 802 4507 curn
827 4466 880 4507 suu
905 4448 1018 4509 calculo
1043 4447 1080 4507 ab
1104 4405 1368 4510 observationibhd
1384 4448 1557 4509 dissideant

350 4529 446 4615 Coepi
477 4531 567 4611 igitur
595 4537 749 4616 explorare
775 4536 956 4620 operationis
985 4537 1118 4616 ipsorum
1141 4535 1361 4599 certitudinem.
1408 4537 1458 4598 Er
1480 4556 1515 4599 eo
1536 4535 1581 4617 qui

264 4640 335 4683 nam
368 4620 476 4682 luerint
505 4621 535 4683 in
567 4624 623 4686 hoc
638 4629 641 4636 ’
656 4626 756 4688 labore
789 4645 966 4698 successus,
1001 4624 1167 4689 taediosum
1201 4635 1232 4688 et
1255 4626 1363 4688 -inntile
1388 4634 1438 4687 est
1458 4633 1600 4707 repeter

265 4712 433 4790 Persequar
455 4717 556 4773 autem
579 4732 616 4775 ex
639 4715 695 4776 hoo
718 4715 933 4795 quadriennali
948 4715 1049 4777 labore
1074 4717 1127 4780 illa
1150 4724 1278 4791 tanturn,
1304 4735 1381 4797 quae
1400 4717 1440 4777 ad
1455 4716 1627 4798 cognitis)

265 4820 333 4863 nem
356 4807 480 4862 nostrae
503 4803 634 4866 methodi
657 4805 857 4885 pertinebant
935 4878 937 4883 .
973 4824 991 4849 ³

845 4931 1028 4940 0—--——-
