3316 5452
404 293 435 344 de
453 289 641 345 Commentariis
659 292 690 345 de
707 299 776 349 motu
793 293 881 347 nohas
898 293 995 354 Martis.
1328 294 1371 366 83

17 467 135 544 mxu,
159 475 229 534 tota
250 471 401 536 andmalia
415 468 601 554 signiticaret
613 473 715 540 circuli
729 491 840 548 aream,
864 492 940 554 qnae
954 473 1050 554 major
1064 480 1112 536 eet
1126 491 1199 538 area
1212 472 1371 556 ellipoidis,

18 560 122 641 itaque
147 560 246 624 divisa
268 558 423 625 in'aream
447 561 550 625 circuli
573 562 730 627 constitnit
746 556 811 627 ΡΟ.
857 563 903 625 At
921 563 987 642 jam
1010 581 1069 625 non
1091 571 1141 626 eet
1163 563 1292 626 circulus
1315 565 1370 628 sed
1395 600 1400 612 ·

20 647 189 728 ellipoidea,
213 650 310 713 minue
333 651 454 714 conficit
475 659 508 712 et
530 651 654 715 metitur
672 659 767 715 totsnr
787 651 976 726 anomaliam,
1002 653 1154 733 ergoplus
1169 652 1206 714 de
1220 655 1372 717 anomalia

19 737 108 800 cedet
131 739 228 803 radio.
265 739 391 803 Duobus
413 740 505 822 igitur
527 741 693 805 nominibus
706 740 926 805 ¹eccentricitas
949 741 983 803 fit
1010 741 1106 805 minor
1135 761 1223 823 quam
1245 743 1276 805 in
1298 762 1374 824 per-¹

19 828 98 890 lecto
123 828 249 899 circulo,
282 830 365 910 cujus
396 831 566 916 dixeramus
597 850 665 895 esse
693 831 846 895 dimidiam
869 830 1123 894 eccentricitatern
1153 832 1217 911 ejus
1241 851 1316 912 quas
1340 833 1371 897 in

18 915 143 981 vicaria
190 918 270 981 Nam
292 920 386 998 primo
411 919 480 1001 qnia
503 938 542 982 ex
564 919 709 997 divisione
732 921 834 1004 prodit
855 919 1010 1001 quantitas
1032 920 1109 984 radii
1132 920 1194 995 PL,
1212 920 1278 998 Px,
1302 921 1369 986 ideo

18 1005 66 1087 qni
88 1015 165 1071 sunt
187 1027 280 1088 snpra
291 1009 346 1072 PL
368 1015 400 1071 et
421 1009 501 1074 infra
515 1008 572 1074 ΡΧ
589 1005 749 1091 longiores,
772 1011 840 1092 plus
863 1008 1017 1072 vindicent
1039 1009 1076 1071 de
1100 1010 1266 1074 anomaliae
1288 1017 1369 1075 tenr-

17 1114 100 1177 pore.
149 1097 296 1178 Tempore
319 1097 411 1179 igitur
433 1098 464 1162 in
487 1099 585 1162 medio
609 1106 766 1164 attenuato
790 1099 870 1162 eirca
892 1097 929 1174 L,
952 1099 995 1173 M,
1021 1097 1230 1163 eccentricitas
1254 1119 1392 1181 qnoque¹

15 1185 44 1247 in
76 1187 274 1267 proportione
307 1188 530 1264 attenuabitur,
562 1190 741 1269 praesertim
772 1207 840 1252 eum
871 1186 909 1250 ab
932 1188 949 1251 1
970 1188 1065 1252 multo
1087 1187 1189 1269 plnres
1212 1198 1370 1255 occurrant

16 1274 172 1355 longiores
201 1295 290 1357 qnam
313 1298 332 1339 a
354 1276 394 1341 K.
417 1277 557 1353 Deinde
588 1279 623 1342 tit
654 1278 808 1358 aequatio·
824 1277 927 1357 optica
959 1275 1058 1350 POH,
1087 1286 1120 1338 et
1140 1275 1225 1339 HPO
1256 1287 1374 1356 rectus,

18 1364 153 1426 debebat
175 1365 267 1446 igitur
290 1366 317 1428 ei
341 1366 476 1447 aequalis
500 1386 568 1429 esse
591 1366 684 1442 PLH,
708 1368 757 1430 nbi
781 1367 889 1431 iterum
912 1365 995 1428 HPL
1018 1372 1137 1441 rectus,
1170 1385 1236 1428 oum
1267 1375 1374 1431 autem

15 1451 69 1517 ΡΟ
94 1453 153 1517 hoc
176 1462 225 1517 est
246 1455 303 1518 ΡΝ
325 1455 366 1518 εἰι
389 1455 516 1536 longior·
529 1475 617 1538 quarn
632 1456 695 1531 PL,
720 1458 778 1521 erit
800 1457 892 1537 igitur
914 1462 946 1517 et
968 1455 1024 1518 PH
1045 1455 1075 1518 in
1099 1455 1234 1536 perfecto
1258 1456 1368 1522 circulo

16 1542 137 1624 longior
159 1562 248 1625 quarn
270 1545 326 1607 ΡΗ
348 1544 568 1620 indeficiente.
614 1545 662 1609 Ex
684 1545 733 1609 his
755 1545 848 1610 etiam
871 1551 967 1626 patet,
992 1563 1044 1607 cnr
1070 1544 1152 1626 prius
1180 1543 1210 1607 in
1233 1547 1368 1626 perfecto

15 1631 128 1697 cuono
162 1632 389 1717 observationes
422 1635 585 1698 octantium
619 1635 778 1699 conciliare
811 1655 871 1699 non
901 1633 1058 1714 potuerim
1107 1633 1257 1714 Tempora
1288 1635 1368 1700 enim
1382 1647 1388 1657 ’·

15 1722 242 1791 accumulantur
264 1743 369 1787 verens
392 1743 560 1806 apogaeum
583 1732 615 1787 et
637 1725 808 1806 perigaeum
837 1729 943 1787 eontra
974 1742 1091 1787 omnem
1120 1722 1223 1786 circuli
1255 1724 1362 1805 legem.
1394 1801 1398 1811 Ι

15 1812 144 1876 Vinaria
166 1831 237 1876 vero
261 1813 497 1897 hypothesiseo
521 1815 586 1895 ipso
609 1815 640 1877 in
655 1814 720 1877 loco
737 1813 963 1878 accommodata
977 1813 1043 1885 tuit,
1067 1811 1116 1875 nbi
1131 1812 1261 1875 maxima
1276 1814 1365 1877 diffe-
1440 1832 1446 1892 ζ

14 1902 131 1978 tentia,
156 1921 200 1967 sc.
224 1902 253 1965 in
278 1903 463 1980 octantibus,
489 1908 581 1984 quare
604 1904 645 1967 nil
668 1904 788 1982 mirum,
821 1902 964 1967 vicariam
988 1902 1116 1966 officium
1138 1901 1168 1964 in
1193 1903 1368 1968 eccentriois

13 1989 86 2056 locis
111 1991 226 2055 facere.
263 1992 348 2056 Haec
371 1992 471 2056 omnia
493 2011 528 2055 eo
547 2000 696 2073 spectant,
721 2000 756 2056 ut
774 1993 888 2066 videas,
913 1990 962 2074 qui
976 1992 1029 2055 fiat
1043 1999 1081 2072 nt
1091 1991 1217 2075 physica
1231 1992 1368 2056 dimidiet
1430 2003 1432 2007 ’

15 2082 180 2162 aequantia
196 2082 462 2159 eccentricitatem,
487 2101 555 2146 cnm
568 2083 682 2145 vicaria
694 2082 763 2164 plne
783 2083 904 2147 dimidio
928 2087 1043 2144 sumat:
1069 2080 1178 2143 etenim
1194 2099 1231 2144 ne
1244 2081 1367 2146 rlnbinm

19 2170 169 2233 existeret
191 2170 221 2232 in
246 2170 394 2253 ellipoide,
418 2171 500 2253 prius
524 2172 817 2257 demonstravi,.boc
835 2169 899 2236 lieri
918 2170 1026 2233 debere
1041 2169 1071 2232 in
1089 2170 1224 2252 perfecto
1248 2170 1368 2248 circulo,

15 2269 46 2324 ut
59 2259 220 2324 dimidium
233 2269 386 2337 sumatur;
410 2269 519 2343 postea
533 2262 563 2325 in
578 2260 718 2343 ellipoide
733 2263 831 2326 minus
846 2264 938 2325 etiam
953 2259 1074 2322 dimidio
1089 2279 1164 2341 opus
1179 2279 1245 2323 esse
1260 2262 1368 2340 patuit
1397 2263 1400 2268 ’

102 2348 189 2422 Quid
206 2350 272 2430 jam
295 2350 389 2413 habes
412 2351 542 2431 amplius
565 2351 644 2432 qnod
659 2359 690 2414 te
704 2352 857 2433 offendat?
888 2346 942 2412 ’Ἀι
957 2349 1027 2431 qnia
1040 2349 1249 2430 compendiose
1265 2349 1381 2432 nequit¹

14 2439 183 2502 calculari?
227 2439 311 2503 Nihil
334 2440 435 2521 npbis,
459 2440 499 2502 mi
521 2440 656 2516 Fabrici,
690 2449 812 2522 praeter
840 2438 1036 2522 geometriam
1069 2439 1167 2502 deest.
1212 2439 1368 2502 Doce'me
1457 2455 1462 2459 ’

14 2528 199 2611 geometrice
218 2529 411 2607 constituere,
435 2529 592 2610 quadrare,
616 2531 779 2594 secundnm
797 2532 901 2596 datam
917 2529 1064 2592 rationem
1080 2546 1184 2591 secare
1198 2527 1365 2611 ellipoides,

15 2619 120 2684 statim
144 2618 259 2681 docebo
284 2627 315 2681 te
338 2638 376 2682 ex
399 2619 529 2701 genuina
551 2620 711 2706 hypothesi
735 2621 894 2687 calculare.
914 2656 919 2673 ·
944 2618 1091 2700 Adeoque
1114 2617 1216 2681 excita
1237 2616 1292 2680 illa
1314 2626 1367 2680 tua

14 2708 141 2789 Belgica
172 2707 313 2787 ingenia,
343 2716 377 2772 nt
399 2708 447 2771 bic
462 2727 517 2775 ‚me
536 2708 654 2791 jurent.
699 2709 863 2791 ansque
894 2708 1033 2789 perveni,
1058 2715 1091 2771 ut
1114 2707 1229 2785 eciam,
1253 2706 1368 2771 circelli

16 2817 64 2859 een
94 2796 227 2881 epicyeli
258 2797 349 2877 plano
386 2817 535 2864 summam
571 2798 717 2862 contineri
754 2800 901 2864 defectus.
949 2797 1106 2871 Quomodo
1135 2815 1207 2860 vero
1238 2797 1279 2860 sit
1310 2797 1368 2860 hoo

18 2886 181 2968 spatiolum
210 2885 446 2951 distribuendnin
476 2888 598 2969 ignoro,
630 2896 664 2950 ut
685 2887 808 2953 'cuilibet
829 2949 831 2955 .
838 2887 969 2973 portioni
1003 2886 1161 2952 eccentrici
1189 2881 1271 2967 plani
1296 2905 1367 2950 snus

19 2975 151 3039 delectus
176 2975 373 3056 adjudicetur.
419 2978 486 3041 Hoc
508 2977 571 3040 scio
594 2978 766 3042 mechanico
789 2999 843 3043 sen
866 2997 920 3064 per
949 2983 1138 3047 tentamenta
1164 2995 1364 3052 numerorum,

22 3065 131 3130 siexA
145 3067 249 3129 eentm
264 3067 365 3132 mundi
380 3066 476 3131 lineas
491 3067 624 3143 educam,
639 3068 706 3130 etsi
717 3064 904 3135 BAGLFB*

25 3156 143 3237 aequale
177 3163 226 3218 eet
254 3157 385 3236 spatium
421 3156 520 3240 spatio
554 3154 761 3234 CEKHIDC,
791 3160 888 3242 majus
1065 3139 1120 3206 ¹²¹⁸·
1143 3135 1186 3189 ²³·

26 3251 113 3308 tanen
139 3263 208 3309 esse
226 3244 310 3308 ΓΑΒ
328 3246 428 3328 spatio
442 3243 536 3322 EOD,
562 3263 620 3308 non
640 3242 780 3312 obstante
799 3250 888 3332 qnod,
1045 3306 1046 3309 ,

28 3333 47 3394 si
64 3333 150 3399 cel<
175 3341 286 3410 rectus,
311 3343 382 3399 tunc
400 3334 537 3400 BFLAB
561 3336 688 3417 aequale
709 3357 776 3400 esee
790 3339 890 3420 possit
969 3376 1010 3408 :a

29 3425 112 3502 spatio
134 3421 268 3487 KECDI
290 3433 322 3487 et
344 3419 435 3489 LAG
456 3424 558 3505 spatio
581 3425 666 3499 KHI',
690 3426 790 3508 itaque
815 3428 886 3492 bre-

30 3511 78 3575 rin
95 3514 173 3576 KHI
197 3515 323 3595 aequale
342 3513 469 3596 longiori
489 3512 571 3590 KOI,
596 3515 666 3596 quia
688 3515 745 3579 hoc
768 3517 884 3595 exilius,

30 3598 86 3666 illud
107 3602 211 3666 latins.
259 3601 375 3675 Quodsi
398 3605 455 3667 boo
483 3604 580 3667 solum
606 3604 748 3682 sciretur,
772 3615 894 3688 quanta¹

31 3700 95 3756 esset
115 3693 216 3774 portio
235 3690 330 3770 ΕΟΙ),
349 3691 433 3768 KOI,
457 3694 641 3774 computatio
665 3695 781 3759 facilior
803 3705 886 3760 esset
914 3737 936 3783 1

33 3799 101 3861 quarn
123 3783 154 3845 in
179 3781 286 3864 quavis
304 3783 367 3847 alia
388 3783 558 3868 hypothesi.
596 3784 759 3849 Possumus
779 3792 884 3867 tamen

33 3866 87 3935 hire
100 3873 259 3936 rationem
282 3872 404 3949 calculi,
439 3873 600 3937 distributa
623 3875 761 3957 ellipoide
786 3876 886 3940 orbita

32 3956 169 4044 inpartes
194 3958 261 4026 360
289 3963 450 4044 aequales,
489 3982 541 4026 sen
572 3963 673 4045 potius
696 3984 735 4028 ex
756 3966 883 4030 termino
1005 3968 1055 4037 Ἅι

31 4050 153 4135 cuiusque
170 4071 259 4116 arone
283 4052 392 4116 educta
413 4051 494 4115 linea
515 4053 707 4138 adcentrurrr
721 4055 762 4118 A.
798 4057 883 4121 Tunc

31 4140 89 4206 erin
111 4143 187 4206 fient
210 4138 277 4206 360
304 4142 487 4224 aequebasia
518 4141 686 4225 triangula,
720 4144 884 4209 verticibus
1086 4200 1087 4207 ,
1224 4199 1225 4203 ,

30 4225 93 4293 ue
115 4230 191 4294 S'ole
218 4230 369 4295 coeuntia.
416 4229 576 4314 Scitnrqne
605 4233 693 4314 primi
724 4234 852 4298 altitudo
874 4234 950 4315 Ac,
981 4237 1104 4318 tingitur
1133 4239 1260 4303 alterum
1294 4258 1361 4304 orus

31 4321 217 4402 tequealtum,
251 4320 322 4401 quia
349 4339 456 4402 parum
479 4323 575 4386 deest.
622 4322 721 4388 Datur
743 4325 836 4406 igitur
858 4345 930 4390 area
952 4327 1095 4409 trianguli
1122 4328 1211 4409 primi
1234 4329 1263 4392 in
1283 4328 1374 4412 'pro-¹

31 4411 148 4483 lenione
185 4428 275 4473 areae
307 4407 394 4474 GKH
424 4420 479 4474 seu
510 4410 582 4476 ΟΙΗ
617 4413 772 4478 subtracto
810 4415 939 4480 delectu.
985 4416 1035 4480 Ex
1066 4419 1234 4499 quantitate
1271 4419 1359 4501 hujus
1479 4472 1481 4481 ,

32 4497 153 4579 trianguli
176 4500 266 4564 datur
284 4508 403 4582 tempus
426 4520 480 4564 sen
495 4503 654 4580 anomalia,
679 4524 717 4567 ex
736 4505 887 4569 anomalia
910 4506 1038 4587 altitudo
1060 4509 1183 4573 secundi
1206 4509 1358 4590 trianguli,

35 4600 60 4645 er
76 4587 229 4652 altitudine
244 4609 325 4665 area,
350 4609 388 4652 ex
401 4610 474 4655 area
488 4599 607 4674 tempus
626 4601 660 4656 et
672 4595 832 4671 anomalia,
858 4615 945 4678 qnae·
953 4597 1060 4677 juncta
1073 4598 1165 4682 priori
1190 4600 1358 4662 anomaliae

37 4678 144 4740 oenus
173 4679 378 4742 altitudinem·
394 4680 476 4744 tertii
508 4681 668 4764 trianguli,
700 4691 731 4747 et
759 4683 803 4746 sio
829 4694 1052 4767 ,consequenter
1088 4707 1181 4772 nsque
1212 4688 1251 4752 ad
1281 4683 1356 4755 360.

37 4757 188 4848 Praecipere
211 4769 348 4850 equidem
370 4789 502 4852 possum,
527 4778 561 4834 ιι
585 4768 758 4855 exsequere.

105 4854 250 4926 Demobis
273 4858 402 4925 mihist
423 4866 507 4928 tuam
529 4861 708 4946 hypothesin
732 4871 764 4928 et
787 4860 877 4946 petie,
900 4865 1257 4937 otceltulosxaminem.
1294 4863 1359 4933 Sed
1433 4864 1437 4889 l

277 4983 278 4986 ,
1042 4988 1043 4991 ,
1103 4969 1145 5032 3,
