3278 5452
251 266 315 338 192
729 268 771 323 De
792 219 900 322 Moatra
918 217 1117 325 samsucius

249 451 445 518 emanasse
469 469 509 513 ea
531 473 561 526 a,
589 448 743 514 incida
727 469 843 527 aara3
874 451 934 514 abi
956 451 1058 524 uides,
1082 448 1304 533 qaedpaaeta
1325 471 1358 523 μ,
1382 471 1410 522 a,
1439 448 1597 526 itamar

245 561 366 626 param
388 541 546 623 differaat,
571 538 631 602 illa
653 560 693 603 ea
715 545 733 602 t
754 542 832 605 baec
853 561 893 604 ea
915 563 935 601 α
957 541 1117 623 inspecta,
1130 540 1257 619 quando
1277 535 1408 622 planetu
1429 541 1519 602 eirca
1540 562 1596 623 ap-

219 704 222 709 ·
248 631 341 695 adas
362 638 524 693 caemar.
561 629 606 692 Aa
626 649 736 694 verm
757 630 971 736 turpitudines
991 629 1114 697 areatas
1136 629 1214 691 leaeo
1231 630 1351 710 paracta
1380 636 1505 693 matum
1526 649 1547 691 a
1567 652 1597 693 se

250 720 381 784 invicem
404 718 610 793 dissidebant,
634 721 821 826 maetam
806 742 843 784 ere
859 721 968 802 potari
988 720 1144 782 schemate
1165 741 1184 780 ι
1206 726 1235 781 a
1250 718 1280 779 Φ
1293 718 1465 793 abraderet,
1492 728 1596 783 mat-

249 830 311 892 qae
333 811 439 872 omnia
468 829 563 893 meam
589 811 736 890 prostare
765 809 915 894 aeqaala'a
937 816 966 873 et
997 809 1278 873 darooastratioaee
1306 807 1432 872 omnino
1466 810 1595 873 caederet

252 898 452 962 Oomiaaatie
474 901 629 972 enimttr,
654 920 691 967 aa
714 899 758 962 ad
782 916 968 963 concursum
989 921 1020 970 a,
1036 905 1073 961 ‘et
1095 893 1207 973 ζλ,,-βο
1234 897 1280 958 ad
1306 910 1496 962 coneursum
1517 900 1552 962 tn
1571 922 1596 978 ρ,

250 996 343 1052 aaa
371 992 456 1063 aas,
489 984 528 1068 ζρ
534 989 567 1065 β,
601 986 765 1074 trianaala
796 988 946 1072 aequalia
984 989 1097 1071 abique
1134 985 1295 1069 triaapala
1325 990 1401 1066 tya,
1441 995 1473 1051 et
1500 987 1598 1054 latera

250 1074 404 1141 lateritia
423 1075 592 1180 parallsla

338 1167 383 1228 At
416 1166 485 1247 quia
517 1166 786 1228 demonstrationes
818 1138 875 1228 hae
907 1185 960 1246 per
983 1184 1016 1228 se
1039 1164 1115 1227 satis
1134 1171 1222 1226 eruut
1235 1163 1397 1244 perplexae
1413 1184 1511 1245 neque
1527 1185 1595 1228 cou-

251 1256 380 1331 sultum,
417 1264 451 1318 ut
484 1254 712 1319 coacervatione
741 1244 940 1339 epicyclorum
963 1263 994 1317 et
1017 1253 1226 1336 epicycliorum
1250 1251 1526 1334 Cuperuicauorum
1548 1275 1595 1318 seu

251 1345 478 1450 Braheanorum
502 1346 600 1425 magis
623 1344 828 1421 involvantur,
858 1345 964 1408 ideo
955 1366 987 1407 ιιι
1010 1342 1205 1424 sequentibus
1229 1350 1260 1408 et
1282 1343 1360 1415 hauc
1385 1345 1514 1405 sormam
1537 1343 1595 1407 Oo-

250 1436 441 1515 peruicauam
470 1454 525 1497 seu
548 1433 750 1517 Tychonicam
773 1436 887 1516 primae
909 1433 1118 1514 inaequalitati
1135 1431 1277 1494 tributam
1294 1432 1396 1496 valere
1406 1433 1593 1517 Jubebimus:

210 1556 214 1572 ·
250 1544 320 1603 uam
343 1525 412 1605 ipsa
435 1513 585 1609 secundae
610 1524 835 1605 inaequalitatis
857 1525 935 1590 ratio
958 1522 1168 1605 hypothesium
1191 1521 1361 1606 trigemina·
1372 1523 1486 1604 ubique
1503 1519 1594 1585 lutura

251 1598 369 1676 abunde
393 1613 470 1676 satis
493 1614 579 1676 uobis
605 1613 768 1677 exhibebit
780 1615 975 1695 negotiorum
1016 1608 1176 1716 Quicquid
1191 1620 1291 1673 autem
1305 1629 1373 1692 per
1371 1612 1591 1676 Ptolemaicnm
1615 1649 1617 1653 .

253 1711 432 1783 aequantem
465 1689 530 1764 corn
551 1704 729 1787 ecceutrico
759 1703 1074 1789 demonstraverimus,
1104 1702 1183 1793 jam
1201 1702 1306 1763 statim
1337 1702 1462 1782 postulo
1491 1711 1524 1764 ut
1544 1722 1589 1783 pro

252 1792 513 1854 demonstratis
505 1812 534 1853 ru
567 1785 623 1854 hoc
661 1813 776 1874 quoque
810 1780 1031 1874 Caperurcauo
1049 1812 1104 1855 seu
1132 1784 1291 1881 Braheauo
1314 1792 1508 1856 concentrico
1532 1811 1587 1854 cum

252 1881 367 1942 duobus
412 1871 555 1962 epicyclis
592 1883 641 1951 vel
677 1885 930 1967 ecceutrepicyclo
968 1882 1147 1962 accipiatur:
1181 1899 1253 1947 nam
1273 1875 1448 1962 perexigua
1478 1882 1589 1943 iuventa

189 1982 191 1985 ·
253 1977 303 2030 ιιι
327 1970 495 2033 differentia
519 1973 783 2054 supra-capsIV.

835 2200 1021 2214 -ἡ-ι--ι-

821 2383 941 2501 Caput
967 2381 1028 2456 VI.
1058 2339 1081 2478 Ι,
1158 2441 1163 2449 .

254 2540 312 2605 De
335 2540 581 2628 aequipollentia
612 2530 826 2627 hypothesium
855 2540 1040 2616 Ptolemaei,
1074 2539 1241 2625 Caperaioe'
1269 2549 1298 2607 et
1320 2539 1464 2616 Brabei,
1494 2545 1585 2626 quibat

256 2631 515 2739 inaequalitatem
533 2631 735 2721 planetaram
757 2628 928 2694 secandam
952 2632 1226 2705 amasaeorum,
1256 2637 1286 2692 et
1308 2633 1388 2713 qaid
1417 2633 1584 2716 ιίιιφιιιαιι
1635 2662 1637 2699 ι

257 2742 291 2785 se
321 2725 402 2803 ipsis
424 2723 587 2804 differant,
619 2718 745 2805 quando
768 2722 815 2783 ad
836 2729 1062 2808 apparentem
1062 2728 1092 2782 et
1120 2679 1246 2827 quando
1276 2721 1320 2784 ad
1350 2723 1492 2785 mediam
1517 2718 1584 2785 Solis

178 2812 180 2815 ’
713 2817 829 2874 motam
851 2798 1181 2901 accommodantur.

344 2951 466 3021 Dictum
490 2959 538 3012 est
560 2952 704 3015 hacteuus
728 2952 765 3029 de
779 2951 997 3033 hypothesibus
1020 2934 1134 3033 primas
1155 2951 1342 3032 planetarum
1364 2951 1581 3034 inaequalitatis,

233 3048 239 3069 ⁴
259 3061 334 3122 quae
359 3040 536 3115 absolvitur,
561 3044 677 3122 quoties
700 3040 824 3122 planeta
842 3044 881 3105 ad
900 3044 980 3105 idem
998 3043 1116 3120 siguum
1133 3041 1249 3107 zodiaci
1268 3041 1363 3104 redit·
1386 3043 1475 3105 Nunc
1489 3041 1581 3105 transi·

260 3151 325 3192 mus
350 3131 388 3192 ad
412 3132 538 3192 alteram
563 3131 823 3212 inaequalitatem,
848 3151 923 3214 quas
947 3150 1015 3194 uon
1029 3132 1059 3192 in
1083 3129 1233 3204 constanti
1257 3131 1356 3212 aliquo
1381 3140 1415 3193 et
1437 3152 1495 3194 uuo
1518 3132 1636 3217 siguo

256 3220 384 3291 zodiaci,
409 3219 502 3281 sed
494 3239 522 3280 ιιι
557 3221 763 3301 conjunctione
793 3222 842 3283 vel
870 3217 1058 3303 oppositione
1082 3219 1164 3283 Solis
1187 3239 1253 3282 cum
1275 3221 1401 3301 planeta
1425 3221 1581 3283 absolvitur
1629 3202 1636 3333 l

254 3311 343 3386 Hauc
367 3307 458 3389 igitur
482 3308 676 3373 vehementer
696 3311 794 3372 mirati
819 3319 889 3373 suut
911 3311 1064 3372 homines:
1089 3326 1268 3389 causamque
1287 3309 1366 3372 alius
1380 3311 1476 3373 aliam
1490 3284 1634 3378 attulit,

257 3417 316 3480 qua
332 3400 433 3480 fieret,
458 3406 491 3459 ut
515 3400 638 3477 planeta
657 3401 777 3479 junctus
801 3399 865 3477 Soli
887 3400 1061 3462 redderetur
1082 3399 1181 3472 velox,
1206 3399 1347 3473 directus,
1372 3399 1455 3463 altus
1479 3410 1578 3481 etpa-

229 3508 321 3557 ·vus,
347 3497 379 3548 at
403 3506 419 3547 e
443 3487 564 3565 regione
588 3488 669 3550 Solis
693 3490 905 3569 retrogradus,
943 3488 1063 3551 humilis
1086 3493 1123 3551 'et
1140 3506 1279 3608 magnus,
1303 3488 1493 3553 intermediis
1516 3500 1577 3553 ten·

134 3602 141 3631 r
255 3577 378 3661 poribus
402 3575 598 3638 stationarius
623 3588 653 3638 st
676 3578 843 3643 mediocris.
1139 3623 1142 3630 -

243 3718 244 3722 ,
345 3664 447 3728 Latini
469 3676 618 3741 auctores
647 3660 711 3729 'vim
741 3668 840 3730 inesse
871 3686 1011 3730 censuere
1035 3646 1115 3730 Solis
1144 3661 1316 3747 aspectibus
1341 3674 1376 3728 et
1396 3666 1581 3743 tadilan
1541 3683 1581 3764 qve

255 3758 396 3858 planetae
430 3755 523 3829 ceteri
555 3755 584 3816 in
617 3757 661 3818 rei
693 3757 822 3820 veritate
855 3758 1093 3820 attraherentur:
1132 3775 1255 3838 quorum
1283 3757 1439 3818 sententia
1470 3753 1580 3819 numeris

255 3845 359 3928 nequit
382 3845 594 3924 demonstrari,
619 3865 709 3927 quare
734 3866 791 3910 non
816 3854 864 3909 est
878 3847 1094 3936 ιιιφιοιιιιιιι
1119 3846 1173 3909 ssd
1188 3865 1242 3906 uec
1261 3844 1444 3920 verisimilis,
1470 3841 1580 3907 inventis

160 3975 162 3979 ψ
257 3936 335 3996 veris
360 3934 478 4001 causis
479 3943 533 3996 et
556 3934 715 3997 manifeste
740 3937 828 4011 falsa,
852 3956 918 3998 oum
941 3935 1103 3999 Saturnus
1112 3934 1239 4015 incipiat
1261 3935 1485 3997 retrocedere
1475 3956 1505 3998 ιιι
1524 3951 1581 4014 qua·

260 4024 346 4087 drato
362 4021 443 4093 Solis
464 4014 513 4085 vel
531 4024 620 4099 ultra,
643 4023 784 4104 Jupiter
776 4047 806 4090 m
822 4027 909 4096 trino,
933 4026 1060 4089 Marem
1075 4024 1223 4105 biquiutili
1241 4024 1290 4086 vel
1304 4032 1375 4085 ante
1390 4025 1579 4107 sesquatos,

259 4104 443 4193 inconstanti
466 4111 625 4184 intervallo
648 4133 760 4176 omues.
816 4148 824 4170 ·
982 4134 984 4139 ’

345 4200 538 4264 Ptolemaeus
562 4202 653 4282 dixit,
687 4204 752 4266 loco
777 4211 859 4268 certo
882 4205 989 4268 circuli
1003 4159 1184 4286 ρΜιιιί,
1207 4201 1256 4283 qui
1279 4201 1392 4279 sufficit
1413 4202 1526 4283 primae
1545 4199 1581 4260 in-

230 4289 459 4372 ‘aequalitati
471 4291 560 4353 lixum
584 4312 650 4354 esse
675 4311 735 4355 oon
757 4275 943 4374 planetam
930 4309 1042 4383 ipsum,
1065 4295 1119 4357 sed
1142 4300 1276 4363 centrum
1299 4272 1427 4373 epicyoli
1446 4293 1581 4372 planetam

255 4381 284 4442 in
319 4399 373 4441 sua
410 4369 650 4445 circumferentia
679 4383 769 4445 fisum
801 4384 954 4459 vehentis,
987 4382 1045 4463 qui
1066 4371 1200 4447 vicissim
1213 4381 1350 4444 vehatur
1373 4401 1392 4441 a
1415 4381 1524 4443 circus
1542 4376 1581 4440 illo

256 4472 398 4552 planetae
422 4466 565 4547 capitali:
591 4473 716 4535 formam
739 4481 838 4535 motus
861 4473 938 4537 banc
961 4492 1038 4543 esse,
1061 4481 1095 4534 ut
1118 4471 1144 4533 si
1153 4479 1300 4534 centrum
1321 4470 1450 4554 epinycli
1470 4471 1511 4533 sit
1530 4452 1581 4536 &b

256 4560 339 4633 Sole,
374 4558 499 4638 planeta
529 4579 645 4641 quoque
671 4562 712 4623 sit
734 4562 763 4624 iu
787 4562 911 4645 epinycli
935 4580 1061 4625 summo
1073 4568 1285 4641 moventurque
1308 4579 1389 4626 eum
1399 4559 1490 4629 Sols't
1492 4574 1581 4622 semus

257 4651 379 4732 plagam
403 4647 538 4722 eandem,
564 4647 636 4713 Sole
659 4673 690 4715 a
700 4660 803 4715 centro
828 4644 1063 4734 hujuttepicyai
1085 4652 1245 4737 rqcedeute
1276 4649 1423 4722 (velocior
1451 4648 1526 4711 enim
1543 4650 1591 4716 ut

257 4739 340 4815 illo),
378 4737 531 4818 planetam
554 4737 642 4802 simol
667 4741 885 4807 descendere
876 4762 905 4803 ιιι
930 4741 1084 4822 epicyclo:
1116 4759 1181 4802 curn
1214 4745 1327 4805 auam
1347 4745 1446 4801 motus
1474 4718 1596 4831 epicyc'li

255 4830 297 4895 sit
319 4828 450 4893 velocior
473 4826 553 4889 eirca
576 4846 662 4893 suum
685 4838 820 4898 nentrum
843 4849 958 4919 quam
953 4838 1053 4925 motus
1073 4830 1168 4897 centri
1186 4828 1268 4893 circa
1284 4828 1418 4902 Terram.
1443 4819 1604 4890 meteri.
