3286 5452
244 305 312 379 688

245 490 339 554 multo
362 499 411 553 est
431 491 529 570 majus
553 509 669 555 summa
691 491 903 572 quadratorum
925 499 963 555 ex
986 489 1122 557 omnibus
1145 488 1221 551 suis
1233 485 1384 569 partibus.
1423 484 1484 548 Hic
1504 483 1587 559 igitur

246 582 399 643 commoda
422 581 580 643 admodum
604 580 689 643 nobis
712 580 824 643 accidit
846 579 1082 682 aequipollentia
1103 579 1182 645 inter
1205 578 1277 649 Na,
1301 576 1363 638 ΜΒ
1384 575 1440 638 doc.
1465 581 1500 635 ot
1518 573 1588 635 inter

246 669 390 743 ΑΒ,Βο
414 670 466 732 doc.
514 668 593 740 Quia
621 669 698 731 euim
727 670 930 750 indigemus
922 689 1053 750 ipsorum
1075 668 1146 741 NA,
1168 667 1231 734 ΜΒ
1255 664 1432 745 quadratis
1461 682 1520 724 non
1542 680 1589 741 par

244 779 286 833 se,
311 759 363 820 sed
387 758 424 820 ob
448 766 579 848 mutuam
611 777 713 820 eorum
745 759 986 839 proportionem.
1019 757 1067 820 hic
1090 755 1176 818 nobis
1210 753 1351 818 subsidio
1381 752 1468 814 venit
1490 749 1588 814 Jastar

242 849 385 929 Byrgius,
417 838 638 926 proportionem
670 846 772 909 herum
802 849 1013 928 quadratorum
1042 865 1196 927 exponens
1212 845 1250 907 ¹in
1274 843 1367 907 lineis
1396 841 1505 904 rectia
1547 841 1588 903 Sit

243 936 371 998 enimin
395 936 567 997 continuato
600 936 776 1016 quadrantis
806 937 903 999 nostri
926 937 1037 999 circulo
1071 934 1277 1002 semicirculus
1299 928 1403 1003 NQT,
1428 930 1586 992 diviensis

199 1068 201 1073 ι
242 1033 344 1106 partes
368 1043 489 1087 numero
513 1026 654 1107 aequales
678 1026 814 1105 partibus
839 1026 1014 1106 quadrantis
1029 1023 1089 1087 NG
1113 1023 1298 1106 aequalibus,
1326 1020 1507 1100 quantitate
1528 1038 1587 1080 raro

243 1114 349 1192 duplas
371 1114 508 1187 illarum3
533 1115 640 1176 etsint
661 1133 782 1177 arcuum
805 1114 984 1177 semicirculi
1006 1114 1141 1194 sagittae
1157 1120 1191 1176 ut
1204 1112 1253 1177 hic
1277 1110 1387 1172 ordine
1412 1109 1519 1170 videre
1541 1118 1587 1169 ost
1625 1195 1626 1199 Ἰ

242 1274 363 1364 isaeus
382 1311 541 1392 quadrantis
589 1312 641 1366 on
690 1313 729 1365 or
784 1312 841 1366 on
885 1312 934 1367 on
982 1311 1037 1365 on
1079 1310 1130 1380 cn

1141 1481 1143 1491 Ι
1295 1423 1375 1477 inter
1397 1440 1450 1477 ae:

1177 1503 1216 1558 sie
1235 1504 1289 1558 hae
1315 1503 1414 1557 lineae
1437 1503 1511 1557 inter
1529 1520 1565 1556 sa.

328 1734 399 1794 lam
427 1753 497 1794 vero
530 1736 618 1798 binae
650 1736 785 1817 sagittae¹
805 1735 865 1799 OV
888 1746 920 1799 et
942 1736 997 1800 SV
1029 1744 1161 1816 aequant
1192 1735 1377 1796 diametrum
1404 1733 1525 1807 cuculi,
1551 1731 1590 1793 sic

242 1823 332 1885 etiam
355 1822 422 1897 PX,
445 1824 515 1887 RX.
562 1825 664 1898 Quare
691 1844 755 1906 pro·
777 1826 931 1909 quadratis
955 1826 1013 1888 AN
1038 1836 1070 1886 et
1090 1822 1155 1886 GG
1178 1823 1249 1897 (hoc
1279 1821 1448 1898 analogice
1479 1821 1589 1902 appello

243 1913 436 1991 quadratum)
474 1914 600 1976 sumitur
640 1915 789 1979 diameter
824 1916 904 1989 NTi
938 1934 992 1997 pro
1033 1912 1194 1995 quadratis
1228 1912 1311 1987 ΒΜ,
1355 1912 1413 1973 TH
1454 1911 1590 1974 diameter

244 2002 323 2076 alia,
366 2019 422 2081 pro
461 2004 617 2082 quadratis
647 2002 720 2078 GL,
748 2004 792 2067 EI
822 2005 930 2077 tertia,
968 2004 1096 2084 ,denique
1132 2021 1186 2082 pro
1223 2001 1374 2081 quadrqto
1404 2000 1470 2063 ΒΚ
1504 2000 1585 2062 semi

243 2090 388 2155 diameter
413 2089 483 2161 YQ.
533 2093 640 2173 ltaque
672 2093 713 2166 si,
742 2099 815 2174 quot
841 2101 911 2156 eunt
940 2093 1070 2175 partium
1091 2090 1270 2171 ¹aequalium
1310 2089 1498 2169 quadrantis
1530 2098 1585 2151 ter·

192 2209 205 2231 ·
242 2179 327 2253 mini,
366 2187 413 2240 tot
448 2181 629 2244 constituam
666 2182 956 2245 semidiametrorum
991 2200 1162 2253 summamp
1189 2179 1285 2242 habeo
1326 2197 1483 2241 summam
1518 2198 1585 2260 qua·

243 2268 395 2330 dratorum
432 2266 561 2332 omnium
599 2271 715 2337 sinuum
750 2272 789 2332 ad
825 2270 895 2333 illas
931 2278 1044 2351 partes.
1096 2269 1138 2330 Et
1170 2267 1240 2349 quia
1272 2267 1480 2330 terminorum
1513 2287 1586 2329 sem·

241 2375 295 2436 per
316 2377 375 2420 uno
397 2357 464 2436 plus
488 2369 553 2434 est,
584 2378 671 2441 qnam
694 2360 841 2439 partium:
874 2360 941 2421 ideo
965 2359 1117 2421 sciendum
1142 2366 1209 2432 est,
1226 2400 1227 2411 .
1242 2375 1300 2436 quo
1326 2356 1434 2437 magis
1464 2358 1586 2420 minutas

241 2447 419 2528 multaeque
434 2447 509 2509 fiunt
530 2449 618 2511 unius
650 2449 824 2529 quadrantis
847 2456 967 2529 partes,
996 2448 1053 2511 hoc
1075 2447 1171 2527 magis
1194 2445 1356 2508 terminum
1381 2446 1467 2508 hunc
1489 2464 1586 2528 super·

242 2536 440 2598 numerarium
465 2533 653 2600 evanescere.
689 2534 799 2618 vltaque
820 2557 873 2618 pro
890 2534 932 2603 90
946 2538 1084 2618 partibus
1107 2536 1282 2616 quadrantis
1303 2532 1355 2610 90!
1374 2533 1586 2598 semidiametri

242 2631 359 2687 sumtae
374 2644 461 2704 quam
476 2626 608 2706 proxime
623 2627 808 2690 constituunt
823 2645 968 2689 summam
984 2625 1114 2689 omnium
1132 2625 1359 2727 quadratorum.
1397 2625 1587 2705 Reliquorum
1609 2645 1611 2648 ·

243 2733 362 2792 arcuum
385 2733 522 2776 summae
541 2714 727 2795 colligendae
751 2725 821 2777 aunt
836 2736 874 2779 ex
889 2715 1030 2778 continua
1048 2705 1199 2777 additione
1220 2713 1407 2789 secantium,
1432 2723 1470 2776 ut
1486 2715 1586 2776 sciatm

243 2803 396 2906 quantitas
421 2803 575 2867 offectus'
568 2824 595 2867 ru
619 2824 677 2866 uno
700 2805 833 2885 quolibet
856 2825 927 2871 arcu
955 2803 1118 2869 distantias
1142 2804 1244 2866 Lunae
1267 2822 1287 2862 a
1313 2801 1392 2866 Sole
1417 2802 1469 2866 rel
1491 2807 1517 2876 0⁰
1540 2797 1583 2880 Θ

243 2884 308 2952 Hoc
331 2891 442 2973 itaque
456 2901 547 2974 pacto
571 2894 620 2968 fir,
650 2903 685 2956 ut
712 2893 999 2957 accelerationem
990 2913 1019 2956 ro
1043 2886 1157 2973 copulis
1186 2901 1404 2971 repraesentet
1428 2892 1508 2955 linea
1527 2891 1584 2962 FT.

242 2989 275 3041 et
297 2981 579 3043 accelerationem
572 3002 616 3045 rn
624 2984 746 3064 quadris
775 2983 856 3047 linea
877 2981 900 3046 0
923 3002 976 3047 seu
998 2982 1088 3053 nulla
1136 2979 1211 3044 Gom
1233 2980 1339 3062 itaque
1364 3001 1425 3062 pro
1448 2982 1540 3063 primo
1559 2987 1585 3041 et

143 3127 149 3145 ,
240 3088 294 3150 pro
325 3069 428 3151 ultimo
461 3072 554 3151 gradu
588 3072 763 3151 quadrantis
795 3072 960 3147 distantiae
982 3072 1085 3136 Lunae
1114 3069 1227 3151 aSole
1258 3079 1406 3133 sumatur
1440 3072 1519 3134 linea
1537 3069 1584 3133 nr

243 3159 397 3234 diameter,
422 3159 463 3221 sit
481 3179 551 3222 vero
572 3161 609 3222 de
624 3156 740 3223 summa
763 3161 893 3224 omniurn
916 3160 1095 3240 sagittarum
1116 3179 1188 3241 pars
1207 3159 1455 3240 quadragesima
1477 3161 1581 3240 quinta:

240 3249 299 3310 erit
322 3248 420 3327 ligitur
449 3250 535 3311 valor
567 3249 630 3329 ejus
662 3251 699 3311 de
732 3269 848 3320 summa
881 3250 1110 3312 accelerationis
1146 3248 1307 3329 quadranti
1348 3250 1466 3312 debita
1493 3258 1581 3310 tantas

241 3335 273 3415 δ’
296 3330 413 3420 34²l,“.
458 3339 542 3400 Haec
567 3347 615 3400 est
647 3339 826 3413 acceleratio
850 3339 881 3400 in
904 3339 1000 3418 prinlo
1029 3339 1124 3417 gradu
1151 3338 1318 3399 distantiae
1346 3338 1462 3401 Lunae
1485 3335 1580 3400 aSole

241 3427 350 3506 veli).
396 3425 486 3490 Adde
509 3427 586 3488 hanc
610 3428 648 3488 ad
671 3428 820 3507 modulum
844 3428 949 3499 virtuti
972 3427 1089 3490 metrici
1108 3426 1241 3489 'Telluris
1266 3428 1435 3506 aequabiliv
1454 3427 1580 3496 debitum.

241 3515 357 3578 scilicet
379 3517 416 3578 ad
441 3511 495 3580 58‘
513 3511 629 3597 12'22‘2
643 3517 807 3579 conficitur
825 3513 879 3582 61⁴
893 3509 1014 3594 dil„
984 3519 1004 3549 ”
1052 3517 1109 3578 Est
1131 3515 1211 3578 euim'
1232 3518 1426 3581 acceleratio
1443 3515 1476 3581 3¹
1490 3509 1579 3595 34Ἰ,“

242 3605 379 3708 praecise
402 3605 493 3686 dupla
520 3605 739 3681 diminutionis,
775 3625 849 3687 qnae
872 3606 911 3667 ad
934 3606 1024 3685 hujus
1055 3605 1162 3668 calculi
1193 3604 1324 3668 sormam
1347 3616 1403 3669 est
1427 3623 1578 3669 neceam

243 3703 306 3757 tam
332 3695 361 3757 in
376 3694 488 3756 vitiosa
509 3708 596 3774 quam
620 3695 647 3756 in
667 3696 827 3757 emendata
850 3696 963 3758 lorma
993 3696 1099 3775 Itaque
1122 3694 1171 3757 lric
1193 3691 1283 3755 ἰιιῙο
1306 3694 1578 3759 distantiaelm

241 3807 260 3846 a
284 3774 357 3849 Sole
380 3783 508 3857 variatio
538 3784 645 3847 estl‘
668 3779 780 3865 47“Ι,”
803 3784 950 3850 addenda.
997 3782 1147 3857 Contra
1139 3804 1168 3845 ιιι
1192 3782 1316 3862 quadris
1347 3794 1384 3863 et
1407 3785 1503 3866 gradu
1522 3800 1577 3861 pm

240 3873 320 3938 ximo
342 3892 396 3954 pro
420 3873 534 3937 duobus
557 3873 711 3952 gradibus,
743 3892 802 3936 uuo
826 3874 855 3936 iu
884 3873 999 3954 copulis
1023 3882 1056 3935 et
1082 3878 1138 3935 uno
1162 3872 1192 3937 iu
1207 3871 1364 3957 quadris,
1401 3875 1488 3938 valet
1516 3872 1579 3934 lines

240 3963 313 4026 NT:
347 3962 429 4025 illam
453 3980 524 4023 vero
547 3970 643 4024 totam
665 3962 799 4037 vindicat
829 3963 940 4042 gradus
962 3964 1149 4043 copularum,
1168 3967 1215 4022 ut
1235 3960 1283 4022 ita
1306 3961 1389 4027 nihil
1412 3965 1578 4042 rotimum

241 4052 377 4131 gradui'
369 4072 399 4114 ru
422 4049 552 4143 quadris.
589 4051 624 4114 Si
646 4051 783 4132 gradm
775 4072 806 4113 un
823 4051 962 4133 quadris,
985 4070 1039 4132 pro
1063 4049 1267 4135 diminutione,
1292 4069 1391 4131 quam
1417 4061 1467 4117 est
1487 4065 1577 4132 past!

242 4140 366 4203 eandem
389 4161 454 4204 corn
471 4119 592 4202 ceteris
623 4140 800 4221 quadrantis
831 4141 991 4217 gradibus,
1022 4140 1095 4202 nihil
1128 4138 1259 4201 vicissim
1289 4142 1443 4205 accedit·
1476 4137 1578 4221 ergo‘a

242 4240 343 4294 manet
366 4230 538 4304 diminutus,
561 4230 678 4294 scilicet
700 4227 753 4293 ὅθ’
782 4224 896 4313 12’,”.Ι
943 4231 1024 4311 Ergo
1052 4229 1178 4302 variatio
1207 4239 1392 4309 competens
1417 4232 1497 4295 circa
1515 4247 1576 4309 qna·
1627 4244 1628 4248 ’

242 4319 384 4390 drasam
412 4319 437 4381 l‘
460 4276 570 4401 issiu
594 4319 808 4383 subtrahenda
856 4319 932 4382 Erat
952 4338 1023 4383 vero
1046 4318 1077 4380 iu
1099 4317 1214 4398 copulis
1243 4318 1392 4397 ejusdem
1417 4315 1577 4402 quantitati·

242 4407 387 4471 addenda.
433 4409 491 4471 Est
520 4407 610 4486 igitur
640 4408 804 4489 inopinata
823 4407 1055 4488 aequipollentia
1085 4425 1168 4472 mera
1199 4405 1280 4468 inter
1309 4408 1397 4472 hauc
1430 4427 1522 4472 meam
1545 4403 1576 4465 ad

242 4496 384 4578 physicas
407 4506 515 4559 causas
538 4499 793 4560 accommodatam
816 4496 923 4558 calculi
942 4497 1079 4569 formam,
1101 4497 1236 4576 interque
1256 4496 1468 4578 Tychouicam
1488 4492 1575 4560 calori

243 4588 367 4649 formam
390 4584 516 4658 circelli,
548 4586 632 4665 cujus
655 4592 766 4649 ιιιοιιιιΙ
782 4587 872 4668 duplo
903 4586 1043 4650 celerior
1051 4591 1101 4647 est
1122 4583 1310 4664 digressione
1335 4586 1447 4651 Lanae
1469 4609 1488 4648 a
1508 4583 1574 4649 Sela

241 4675 310 4740 Dici
332 4696 389 4738 nou
414 4682 528 4754 potest,
555 4693 645 4754 qnam
668 4677 756 4738 valde
779 4694 827 4737 me
849 4673 1062 4738 exhilaraverit
1088 4673 1260 4754 inopinatus
1284 4674 1336 4737 hic
1362 4678 1465 4742 exitus
1485 4668 1572 4737 caleri

243 4774 275 4828 et
297 4764 521 4836 demonstmtio,
546 4765 624 4843 qnod
648 4765 741 4831 etiam
756 4764 906 4847 Tychonis
929 4763 1066 4829 circellns
1086 4781 1156 4826 cum
1170 4781 1224 4825 suo
1240 4772 1330 4842 motu
1351 4767 1466 4848 duplici
1487 4769 1572 4827 contu

242 4876 329 4938 quarn
352 4855 498 4924 hacteuus
528 4854 713 4919 credideram
730 4854 841 4927 causis
870 4854 983 4917 nitatur
1014 4853 1157 4936 physicis.
1204 4833 1286 4916 Nam
1314 4854 1473 4924 circellum
1492 4855 1569 4938 ipsa!
