3286 5452
203 344 204 355 ἵ
238 272 303 342 700
622 252 624 260 ’
776 271 887 324 unna
904 271 934 321 r.
952 269 1063 341 arms.

237 452 329 517 condi
349 450 480 514 faciliter
502 467 556 529 per
584 449 675 510 aliam
703 448 947 529 imaginationem
970 451 1195 532 hypotheseos3
1224 449 1444 521 tantummodo
1466 448 1522 510 hoo
1540 466 1584 528 pro

234 545 302 623 jure
326 560 379 603 sno
403 539 487 612 ursit,
512 546 546 599 ut
568 537 599 598 id
621 538 747 617 primurn
772 540 974 619 perficeretur,
998 540 1076 620 quod
1100 540 1158 602 sibi
1181 546 1268 600 esset
1283 538 1397 613 vismn,
1420 537 1585 617 Ephemer's

238 625 369 710 nempe),
395 637 425 690 et
448 646 503 707 ego
526 627 568 700 id,
592 628 671 708 quod
693 627 753 688 levi
776 647 844 690 mea
866 648 959 709 opera
981 629 1044 691 heri
1063 635 1179 708 posset,
1204 628 1402 707 Tengnaglic
1427 626 1584 700 inviderem,

237 740 274 781 ne
297 719 324 780 is
348 718 440 779 dere
464 736 522 779 nnn
546 716 649 796 magni
672 717 815 779 momenti
843 726 873 779 ct
902 736 987 780 meae
1015 717 1199 779 inventionis
1222 716 1298 778 olim
1331 716 1470 799 gloriari,
1486 726 1583 795 posset

238 811 286 871 lta
309 809 423 869 factum
439 805 653 879 simultatibus,
675 814 783 881 utres,
808 826 841 868 se
864 806 933 886 ipsa
955 806 994 868 ab
1017 806 1102 868 initio
1123 814 1282 887 exoptata,
1308 806 1511 886 postmodum
1530 824 1585 866 rer·

238 907 353 965 teretur
375 897 405 957 in
430 896 471 957 fel
494 902 686 969 et'aoetum3
717 896 897 974 praesertim
925 915 992 957 cum
1020 915 1075 976 ego
1103 914 1262 975 opnsnon
1285 895 1378 976 prius
1402 901 1585 957 monstrarem

230 984 432 1067 'Tenguagliq
459 1003 547 1063 quam
565 983 632 1063 jam
654 983 786 1064 scriptis¹
802 987 841 1047 ad
855 987 1045 1047 Herwartnm
1064 985 1159 1047 literis
1178 993 1210 1046 et
1227 994 1343 1066 poetae
1369 985 1585 1056 commendatis,

238 1076 420 1154 exemplum,
446 1074 527 1156 quod
543 1072 670 1157 uidebat
692 1075 912 1154 Tengnaglius,
947 1075 1040 1137 etiam
1061 1083 1169 1155 postae
1193 1074 1471 1136 commendaturus
1494 1092 1585 1135 essem

223 1167 315 1228 'Nam
339 1164 391 1225 vix
414 1163 511 1224 obiter
533 1163 714 1244 hypothesin
737 1163 888 1247 Matthiae
912 1164 1150 1231 delineaverunt,
1168 1172 1273 1243 atque
1299 1183 1341 1224 ex
1366 1183 1404 1225 eo
1429 1182 1491 1224 non
1511 1163 1586 1224 verbo

237 1274 295 1316 uno
319 1252 401 1314 dicto
431 1252 513 1312 iutra
540 1247 561 1313 6
585 1250 772 1331 septimanas
796 1254 861 1332 jam
891 1255 1043 1333 perfectas
1071 1271 1138 1313 esse
1168 1252 1290 1331 tabulas
1324 1253 1474 1315 indicavi.
1511 1253 1587 1313 ‘Haeo

238 1342 447 1424 importunitas
471 1359 550 1401 nova
573 1339 776 1419 exasperabat
792 1342 933 1421 antiquas
950 1351 983 1403 et
1002 1342 1156 1403 diuturnas
1174 1340 1364 1404 simultates.
1397 1340 1588 1421 Tengnaglins

237 1434 302 1511 ipse
326 1449 419 1511 opera
438 1428 590 1491 Johaunis
611 1435 740 1499 (human)
759 1438 791 1491 et
803 1430 955 1492 Matthiae
972 1431 1293 1510 tabulashujusmodi
1321 1431 1477 1505 condidit,
1499 1430 1588 1512 quibus

238 1541 320 1583 meas
344 1519 492 1581 facilitate
515 1527 657 1597 superet3
688 1519 789 1598 itaque
813 1538 871 1580 nou
895 1539 953 1582 res
977 1529 1025 1582 est
1046 1520 1173 1594 vitiosa,
1204 1521 1259 1581 sed
1284 1521 1425 1597 modus
1457 1519 1587 1600 agendi:

240 1619 329 1689 atque
352 1607 468 1670 utinam
492 1625 617 1688 scopum
639 1606 797 1669 facilitatis
822 1608 995 1689 attigissem
1017 1609 1160 1688 propins;
1184 1618 1287 1671 certus
1315 1609 1403 1671 enim
1427 1627 1510 1683 sum,
1531 1626 1588 1688 gra·

234 1700 298 1760 tias
322 1698 394 1760 mihi
419 1704 542 1759 acturos
566 1716 634 1758 esse
657 1697 784 1771 multos,
809 1706 915 1759 contra
939 1718 1028 1780 quam
1051 1704 1093 1759 tu.
1269 1754 1270 1761 ,

328 1788 437 1850 Altera
460 1792 513 1847 tua
535 1785 680 1847 refutatio
703 1786 763 1847 meli
781 1787 898 1849 insituti
914 1797 963 1864 est
976 1788 1063 1860 hacc,
1088 1787 1166 1866 quod
1185 1785 1277 1847 labor
1302 1786 1511 1866 triangularis
1531 1804 1589 1864 sap-

238 1877 357 1960 peditet
379 1875 542 1941 distantias
565 1875 670 1938 Lunae
694 1896 713 1936 a
735 1876 844 1950 Terra,
876 1877 967 1938 utiles
995 1877 1026 1938 in
1054 1875 1222 1952 astrologia
1244 1875 1283 1936 ob
1313 1877 1526 1955 particulam
1543 1894 1588 1954 pa·

239 1967 383 2038 rallaxes.
429 1965 631 2044 Respondes:
663 1964 798 2031 calculus
822 1966 974 2047 Tychonis
996 1974 1085 2026 ame
1108 1983 1168 2026 non
1190 1973 1241 2026 est
1262 1964 1432 2040 sublatus,
1457 1972 1590 2045 computet

241 2056 290 2136 qui
314 2055 414 2127 volet;
446 2073 517 2115 nam
532 2071 607 2115 mea
630 2055 856 2117 transformatio
880 2055 1003 2131 euhibet
1026 2054 1147 2116 easdem
1175 2054 1357 2116 distantias.
1411 2057 1460 2117 At
1488 2053 1590 2133 siquis

226 2165 298 2207 ¹nou
323 2151 454 2224 quaerat,
464 2142 638 2217 distantias,
663 2143 718 2205 sed
738 2144 849 2215 nudam
865 2143 1092 2224 longitudinem,
1115 2145 1143 2205 ei
1166 2143 1342 2205 taediosum
1366 2152 1432 2218 est,
1460 2142 1591 2224 trianguh

241 2234 397 2296 consulere
420 2241 453 2294 et
475 2232 638 2294 distantias
661 2232 745 2313 prius
767 2234 862 2308 adire,
886 2253 961 2315 quas
979 2233 1121 2313 primarie
1139 2228 1199 2296 non
1217 2220 1352 2313 ex‘petit
1394 2235 1477 2296 Turn
1500 2242 1591 2302 auten,

241 2323 312 2405 quid
344 2331 376 2384 tu
408 2323 445 2383 de
478 2321 601 2383 circelln
623 2316 785 2401 'argutaris
817 2315 942 2404 ejusque
973 2323 1081 2385 effectu
1113 2322 1142 2383 iu
1175 2322 1335 2383 variandis
1359 2317 1592 2403 ‘parallaxibusl

129 2408 135 2432 ‘
242 2412 322 2484 Quid
338 2413 365 2473 si
387 2413 419 2474 in
439 2410 581 2472 omuibus
603 2411 810 2490 parallaxibus
830 2412 898 2492 plus
912 2412 1080 2485 aberrares,
1105 2430 1195 2492 qnam
1218 2411 1368 2473 circellus
1395 2413 1512 2475 efficit?
1538 2411 1592 2473 Nor

241 2503 331 2583 priene
360 2503 417 2564 hon
448 2501 580 2574 affirmo,
616 2501 672 2562 sed
702 2501 757 2562 snb
787 2500 968 2566 conditione.
1014 2501 1095 2563 Nam
1123 2501 1150 2561 ei
1176 2507 1209 2562 tu
1237 2496 1437 2563 diametrum
1469 2501 1545 2565 Solis
1568 2508 1593 2559 at

242 2591 364 2653 umbrae
388 2589 539 2652 mordicus
562 2589 657 2651 fueris*
686 2596 803 2652 tutatus
833 2607 901 2652 cum
928 2590 1079 2671 parallaxi
1102 2588 1200 2663 Solis,
1233 2589 1360 2652 omuino
1392 2591 1455 2652 tibi
1482 2611 1529 2653 res
1547 2590 1600 2651 huc¹

243 2680 359 2764 recidet
390 2679 445 2740 sub
477 2678 726 2742 contradictionis
758 2679 1007 2755 commiuatione,
1040 2685 1076 2742 nt
1106 2679 1279 2759 parallaxin
1309 2679 1427 2741 Lunae
1458 2680 1592 2742 evidenter

243 2777 360 2833 mutare
384 2768 514 2847 cogaris.
1164 2829 1167 2838 ,

332 2859 396 2920 Iam
420 2857 458 2918 ad
484 2856 545 2918 alia
567 2854 668 2930 venis,
699 2863 731 2918 et
759 2858 785 2919 si
816 2865 898 2919 tuam
927 2856 1190 2937 reprehensionem
1214 2864 1333 2919 tectam
1359 2858 1443 2920 bene
1467 2855 1592 2938 percipio,

241 2949 364 3028 jam=tu
385 2947 462 3007 hanc
483 2944 663 3026 particulam
685 2945 766 3007 tituli
781 2951 915 3010 mearum
933 2946 1230 3027 transformationem
1251 2947 1404 3023 adoriris,
1430 2949 1509 3028 quod
1528 2944 1591 3006 dixi:

246 3034 694 3205 sttttttti⁰lttl
713 3035 910 3188 tutti*
930 3035 1298 3207 ,tttljbtttltt
1313 3056 1465 3188 fifh?
1473 3045 1592 3193 titt

176 3232 180 3243 ¹·
220 3214 442 3296 ,aequiparare
464 3215 577 3275 Lunae.
611 3211 680 3274 Non
696 3212 785 3286 facio,
798 3214 851 3275 mi
868 3214 1060 3287 Christiane3
1085 3233 1137 3274 cur
1156 3214 1239 3275 euim
1266 3215 1328 3288 „ad
1355 3212 1590 3293 deliberandum

246 3322 451 3385 proponerem,
476 3304 503 3364 si
522 3302 586 3380 jem
610 3309 693 3381 esset
711 3302 923 3381 exploratum?
952 3303 1031 3375 Scio,
1057 3304 1160 3364 Lunae
1179 3323 1247 3364 esse
1272 3304 1482 3384 particularia
1503 3303 1591 3370 mult·-

246 3414 282 3455 ae
306 3383 448 3454 fo'rtassis
463 3392 554 3455 etiam
573 3390 713 3470 planetae
728 3392 822 3453 ceteri
840 3392 1089 3473 inaequalitatum
1113 3411 1234 3475 numero
1260 3400 1295 3453 et
1317 3395 1476 3472 qualitate
1497 3391 1590 3454 distin-

245 3491 374 3562 guuntur
395 3482 576 3561 plusquam
599 3480 744 3541 hactenus
768 3481 890 3544 credidi.
930 3483 1029 3555 Unum
1051 3489 1154 3550 autem
1177 3489 1226 3541 est
1247 3481 1279 3542 iu
1304 3483 1484 3549 tabularum
1504 3491 1589 3544 han*

246 3570 440 3645 formatione,
472 3570 551 3651 quod
581 3568 657 3630 citra
684 3563 920 3632 controversiam
950 3569 1062 3649 imitari
1090 3588 1248 3649 possumus
1273 3570 1306 3632 iu
1330 3573 1449 3653 ceteris
1473 3570 1589 3634 omnibns

244 3660 386 3742 planetis,
412 3661 436 3721 si
457 3659 544 3721 modo
561 3657 840 3720 consultumtueric
862 3661 958 3742 (quod
976 3660 1201 3735 deliberandum
1222 3679 1292 3721 esse
1312 3661 1411 3735 dixi),
1435 3670 1471 3724 ut
1492 3660 1590 3722 scilieet

243 3769 297 3831 per
320 3764 477 3811 excessum
500 3745 644 3826 temporis
667 3763 761 3825 supra
782 3756 1069 3831 momentumque
1097 3748 1223 3828 planeta
1250 3749 1283 3810 in
1307 3769 1454 3835 apogaeo
1477 3744 1588 3813 ecceutri

244 3839 344 3913 fuerit,
370 3838 476 3900 statim
499 3841 677 3915 excerpatnr
695 3835 847 3900 anomalia
866 3840 996 3902 ecceutri
1011 3828 1198 3920 coaequa'ta;
1221 3846 1315 3920 atque
1339 3840 1405 3902 huc
1429 3859 1487 3920 ego
1508 3839 1589 3921 potia

244 3930 352 3992 simum
383 3920 521 4007 respexi,
556 3926 626 4009 quia
657 3922 795 4004 apogaea
827 3937 859 3989 et
885 3929 956 4004 nodi
984 3929 1185 4009 planetarum,
1201 3934 1377 3990 ceterorum
1407 3930 1500 3991 valde
1526 3924 1589 3990 tart

244 4026 329 4091 sunt,
353 4022 384 4078 et
407 4014 489 4078 facili
513 4033 604 4097 opera
628 4023 848 4094 computantur.
874 4049 920 4095 e—
947 4064 1029 4080 ....
1054 4015 1142 4087 Quae
1165 4018 1204 4078 ad
1226 4018 1356 4097 singula
1380 4037 1511 4093 eorum,
1529 4032 1589 4098 quat

243 4106 395 4184 praestita
417 4106 559 4177 inLuna
581 4106 894 4180 commemorasdici
917 4108 1048 4170 fortasse
1071 4115 1198 4187 possent
1221 4106 1260 4168 ab
1285 4116 1487 4184 astronomo,
1509 4109 1590 4175 mitte.

243 4214 279 4255 ne
304 4213 397 4256 novas
421 4194 614 4281 quaestiones
637 4212 738 4255 serere
759 4193 863 4256 videar
881 4216 938 4258 nou
954 4198 1044 4259 linitis
1059 4195 1221 4271 veteribus,
1245 4197 1438 4275 praesertim
1454 4217 1518 4260 cum
1531 4193 1590 4259 nhil

141 4311 144 4317 =
242 4275 371 4345 habeam
393 4283 425 4346 in
443 4302 589 4363 praeseus
606 4282 664 4345 nisi
678 4283 869 4363 conjecturas
886 4276 1036 4367 physicas,
1060 4305 1116 4347 nec
1137 4305 1175 4347 ex
1192 4287 1337 4365 professo
1353 4294 1490 4350 mactem
1502 4288 1589 4350 Luam

242 4372 406 4451 negotium.
453 4372 534 4444 Quid
558 4392 634 4434 nuuc
664 4373 701 4433 de
731 4393 779 4434 me
807 4374 916 4436 meruit
945 4374 1137 4459 odiosissime
1163 4374 1219 4437 illa
1241 4384 1297 4437 cna
1318 4378 1498 4457 'exagitatio
1520 4379 1589 4438 inso-

210 4510 214 4517 .
241 4461 354 4523 leutiae
379 4460 452 4539 ejus,
477 4481 566 4542 quam
580 4461 662 4524 mihi
681 4481 736 4542 per
749 4462 964 4542 nequissimam
981 4465 1159 4547 calumniam
1174 4463 1339 4527 tribuisti?
1371 4474 1588 4542 (Lunam-

242 4550 370 4607 recensitia
393 4551 434 4609 iis,
458 4564 522 4614 quae
540 4551 624 4614 Tycho
647 4553 672 4599 in
692 4551 779 4602 Lunae
796 4552 892 4602 theoria
914 4554 1029 4617 perfecit,
1054 4553 1139 4604 addit:
1166 4553 1231 4603 talia
1248 4568 1266 4604 a
1289 4560 1317 4604 te
1343 4569 1460 4622 unquam
1486 4554 1587 4622 praesu?

241 4620 312 4684 posse
337 4619 493 4671 vehementer
518 4631 608 4672 metuo.
645 4622 674 4672 Id
698 4629 781 4673 autem
804 4638 852 4673 non
877 4632 977 4683 metuo,
1005 4625 1068 4695 quod
1095 4625 1129 4674 ad
1151 4625 1307 4689 praeclaram
1337 4641 1473 4678 censum
1497 4629 1586 4678 m

241 4693 359 4741 bonomm
382 4698 407 4742 et
425 4692 620 4758 intelligentium
643 4695 746 4744 virorum
769 4694 800 4744 de
825 4695 941 4747 defuneto
960 4697 1076 4761 Tyehorm
1100 4696 1165 4763 haee
1184 4697 1285 4748 sordida
1302 4704 1354 4750 tma
1372 4699 1508 4751 mactanda
1523 4698 1585 4762 mgis

164 4762 167 4775 '
242 4771 368 4822 sordescat
386 4779 412 4823 et
431 4771 516 4824 odiosa
533 4773 598 4835 fiat)
635 4762 714 4836 Quid
739 4767 816 4829 enim
840 4767 899 4829 nisi
922 4778 956 4830 ut
974 4778 1003 4831 te
1021 4768 1156 4831 vicissim
1176 4779 1214 4832 et
1231 4779 1320 4833 tuam
1344 4777 1523 4849 aoxoqusur
1542 4788 1583 4830 0¹·
